Date,Sales
1/1/2011,366
1/2/2011,301
1/3/2011,309
1/4/2011,263
1/5/2011,279
1/6/2011,326
1/7/2011,291
1/8/2011,315
1/9/2011,342
1/10/2011,326
1/11/2011,289
1/12/2011,280
1/13/2011,295
1/14/2011,336
1/15/2011,398
1/16/2011,330
1/17/2011,331
1/18/2011,391
1/19/2011,300
1/20/2011,283
1/21/2011,323
1/22/2011,244
1/23/2011,268
1/24/2011,293
1/25/2011,292
1/26/2011,389
1/27/2011,320
1/28/2011,295
1/29/2011,280
1/30/2011,270
1/31/2011,283
2/1/2011,294
2/2/2011,333
2/3/2011,351
2/4/2011,324
2/5/2011,284
2/6/2011,287
2/7/2011,276
2/8/2011,299
2/9/2011,383
2/10/2011,349
2/11/2011,266
2/12/2011,261
2/13/2011,303
2/14/2011,340
2/15/2011,345
2/16/2011,338
2/17/2011,317
2/18/2011,365
2/19/2011,286
2/20/2011,355
2/21/2011,300
2/22/2011,296
2/23/2011,269
2/24/2011,286
2/25/2011,312
2/26/2011,287
2/27/2011,299
2/28/2011,383
3/1/2011,297
3/2/2011,308
3/3/2011,292
3/4/2011,276
3/5/2011,333
3/6/2011,284
3/7/2011,280
3/8/2011,299
3/9/2011,282
3/10/2011,256
3/11/2011,243
3/12/2011,286
3/13/2011,283
3/14/2011,329
3/15/2011,226
3/16/2011,252
3/17/2011,267
3/18/2011,245
3/19/2011,294
3/20/2011,288
3/21/2011,201
3/22/2011,210
3/23/2011,209
3/24/2011,259
3/25/2011,226
3/26/2011,261
3/27/2011,227
3/28/2011,266
3/29/2011,340
3/30/2011,272
3/31/2011,275
4/1/2011,289
4/2/2011,309
4/3/2011,306
4/4/2011,299
4/5/2011,307
4/6/2011,283
4/7/2011,218
4/8/2011,270
4/9/2011,290
4/10/2011,266
4/11/2011,209
4/12/2011,258
4/13/2011,257
4/14/2011,270
4/15/2011,296
4/16/2011,249
4/17/2011,264
4/18/2011,256
4/19/2011,256
4/20/2011,310
4/21/2011,281
4/22/2011,235
4/23/2011,247
4/24/2011,238
4/25/2011,206
4/26/2011,205
4/27/2011,238
4/28/2011,234
4/29/2011,222
4/30/2011,204
5/1/2011,206
5/2/2011,251
5/3/2011,266
5/4/2011,221
5/5/2011,248
5/6/2011,261
5/7/2011,246
5/8/2011,692
5/9/2011,259
5/10/2011,206
5/11/2011,243
5/12/2011,225
5/13/2011,175
5/14/2011,220
5/15/2011,211
5/16/2011,239
5/17/2011,226
5/18/2011,206
5/19/2011,162
5/20/2011,221
5/21/2011,162
5/22/2011,186
5/23/2011,215
5/24/2011,250
5/25/2011,254
5/26/2011,243
5/27/2011,244
5/28/2011,239
5/29/2011,248
5/30/2011,257
5/31/2011,247
6/1/2011,255
6/2/2011,235
6/3/2011,228
6/4/2011,241
6/5/2011,256
6/6/2011,196
6/7/2011,151
6/8/2011,153
6/9/2011,181
6/10/2011,234
6/11/2011,184
6/12/2011,202
6/13/2011,239
6/14/2011,242
6/15/2011,217
6/16/2011,186
6/17/2011,156
6/18/2011,163
6/19/2011,265
6/20/2011,197
6/21/2011,195
6/22/2011,199
6/23/2011,169
6/24/2011,181
6/25/2011,211
6/26/2011,194
6/27/2011,229
6/28/2011,222
6/29/2011,215
6/30/2011,226
7/1/2011,239
7/2/2011,220
7/3/2011,192
7/4/2011,189
7/5/2011,193
7/6/2011,210
7/7/2011,189
7/8/2011,209
7/9/2011,250
7/10/2011,183
7/11/2011,206
7/12/2011,175
7/13/2011,179
7/14/2011,198
7/15/2011,212
7/16/2011,197
7/17/2011,223
7/18/2011,175
7/19/2011,195
7/20/2011,226
7/21/2011,244
7/22/2011,208
7/23/2011,270
7/24/2011,231
7/25/2011,215
7/26/2011,210
7/27/2011,195
7/28/2011,207
7/29/2011,366
7/30/2011,214
7/31/2011,184
8/1/2011,175
8/2/2011,233
8/3/2011,215
8/4/2011,234
8/5/2011,269
8/6/2011,188
8/7/2011,191
8/8/2011,192
8/9/2011,197
8/10/2011,172
8/11/2011,181
8/12/2011,181
8/13/2011,235
8/14/2011,207
8/15/2011,233
8/16/2011,220
8/17/2011,255
8/18/2011,203
8/19/2011,231
8/20/2011,260
8/21/2011,192
8/22/2011,200
8/23/2011,168
8/24/2011,215
8/25/2011,162
8/26/2011,235
8/27/2011,184
8/28/2011,205
8/29/2011,219
8/30/2011,180
8/31/2011,203
9/1/2011,198
9/2/2011,227
9/3/2011,245
9/4/2011,221
9/5/2011,232
9/6/2011,222
9/7/2011,239
9/8/2011,271
9/9/2011,245
9/10/2011,213
9/11/2011,247
9/12/2011,238
9/13/2011,269
9/14/2011,221
9/15/2011,237
9/16/2011,261
9/17/2011,225
9/18/2011,323
9/19/2011,254
9/20/2011,192
9/21/2011,259
9/22/2011,182
9/23/2011,235
9/24/2011,206
9/25/2011,201
9/26/2011,231
9/27/2011,234
9/28/2011,233
9/29/2011,242
9/30/2011,245
10/1/2011,207
10/2/2011,249
10/3/2011,224
10/4/2011,212
10/5/2011,242
10/6/2011,256
10/7/2011,265
10/8/2011,207
10/9/2011,255
10/10/2011,206
10/11/2011,200
10/12/2011,235
10/13/2011,241
10/14/2011,256
10/15/2011,210
10/16/2011,225
10/17/2011,213
10/18/2011,261
10/19/2011,231
10/20/2011,239
10/21/2011,326
10/22/2011,235
10/23/2011,214
10/24/2011,231
10/25/2011,205
10/26/2011,220
10/27/2011,258
10/28/2011,243
10/29/2011,259
10/30/2011,229
10/31/2011,254
11/1/2011,215
11/2/2011,233
11/3/2011,275
11/4/2011,257
11/5/2011,229
11/6/2011,235
11/7/2011,198
11/8/2011,223
11/9/2011,279
11/10/2011,273
11/11/2011,234
11/12/2011,223
11/13/2011,260
11/14/2011,218
11/15/2011,238
11/16/2011,210
11/17/2011,225
11/18/2011,289
11/19/2011,242
11/20/2011,256
11/21/2011,243
11/22/2011,222
11/23/2011,278
11/24/2011,330
11/25/2011,242
11/26/2011,230
11/27/2011,252
11/28/2011,305
11/29/2011,311
11/30/2011,265
12/1/2011,257
12/2/2011,246
12/3/2011,261
12/4/2011,241
12/5/2011,256
12/6/2011,272
12/7/2011,292
12/8/2011,255
12/9/2011,241
12/10/2011,268
12/11/2011,269
12/12/2011,337
12/13/2011,220
12/14/2011,269
12/15/2011,248
12/16/2011,312
12/17/2011,301
12/18/2011,352
12/19/2011,258
12/20/2011,233
12/21/2011,242
12/22/2011,286
12/23/2011,252
12/24/2011,293
12/25/2011,294
12/26/2011,296
12/27/2011,349
12/28/2011,260
12/29/2011,284
12/30/2011,283
12/31/2011,301
1/1/2012,299
1/2/2012,287
1/3/2012,263
1/4/2012,292
1/5/2012,265
1/6/2012,255
1/7/2012,277
1/8/2012,278
1/9/2012,293
1/10/2012,388
1/11/2012,323
1/12/2012,356
1/13/2012,318
1/14/2012,277
1/15/2012,268
1/16/2012,316
1/17/2012,377
1/18/2012,346
1/19/2012,326
1/20/2012,419
1/21/2012,336
1/22/2012,319
1/23/2012,295
1/24/2012,365
1/25/2012,310
1/26/2012,260
1/27/2012,346
1/28/2012,320
1/29/2012,295
1/30/2012,312
1/31/2012,302
2/1/2012,274
2/2/2012,270
2/3/2012,280
2/4/2012,292
2/5/2012,256
2/6/2012,266
2/7/2012,391
2/8/2012,372
2/9/2012,343
2/10/2012,268
2/11/2012,281
2/12/2012,300
2/13/2012,322
2/14/2012,360
2/15/2012,406
2/16/2012,323
2/17/2012,302
2/18/2012,274
2/19/2012,260
2/20/2012,278
2/21/2012,291
2/22/2012,263
2/23/2012,289
2/24/2012,267
2/25/2012,258
2/26/2012,278
2/27/2012,236
2/28/2012,408
2/29/2012,244
3/1/2012,267
3/2/2012,246
3/3/2012,280
3/4/2012,352
3/5/2012,326
3/6/2012,292
3/7/2012,314
3/8/2012,240
3/9/2012,221
3/10/2012,260
3/11/2012,348
3/12/2012,262
3/13/2012,302
3/14/2012,317
3/15/2012,354
3/16/2012,288
3/17/2012,264
3/18/2012,303
3/19/2012,274
3/20/2012,353
3/21/2012,331
3/22/2012,336
3/23/2012,302
3/24/2012,273
3/25/2012,299
3/26/2012,307
3/27/2012,339
3/28/2012,281
3/29/2012,273
3/30/2012,230
3/31/2012,235
4/1/2012,253
4/2/2012,243
4/3/2012,241
4/4/2012,218
4/5/2012,242
4/6/2012,254
4/7/2012,251
4/8/2012,231
4/9/2012,293
4/10/2012,259
4/11/2012,257
4/12/2012,290
4/13/2012,307
4/14/2012,327
4/15/2012,281
4/16/2012,223
4/17/2012,225
4/18/2012,219
4/19/2012,249
4/20/2012,212
4/21/2012,243
4/22/2012,334
4/23/2012,292
4/24/2012,259
4/25/2012,227
4/26/2012,198
4/27/2012,217
4/28/2012,224
4/29/2012,231
4/30/2012,201
5/1/2012,188
5/2/2012,251
5/3/2012,267
5/4/2012,240
5/5/2012,239
5/6/2012,237
5/7/2012,237
5/8/2012,210
5/9/2012,207
5/10/2012,215
5/11/2012,240
5/12/2012,255
5/13/2012,222
5/14/2012,172
5/15/2012,180
5/16/2012,198
5/17/2012,353
5/18/2012,356
5/19/2012,211
5/20/2012,208
5/21/2012,182
5/22/2012,210
5/23/2012,208
5/24/2012,282
5/25/2012,281
5/26/2012,251
5/27/2012,267
5/28/2012,285
5/29/2012,237
5/30/2012,258
5/31/2012,276
6/1/2012,223
6/2/2012,161
6/3/2012,166
6/4/2012,179
6/5/2012,138
6/6/2012,156
6/7/2012,188
6/8/2012,153
6/9/2012,191
6/10/2012,217
6/11/2012,214
6/12/2012,195
6/13/2012,189
6/14/2012,235
6/15/2012,206
6/16/2012,221
6/17/2012,269
6/18/2012,304
6/19/2012,198
6/20/2012,184
6/21/2012,194
6/22/2012,222
6/23/2012,228
6/24/2012,351
6/25/2012,138
6/26/2012,182
6/27/2012,247
6/28/2012,333
6/29/2012,255
6/30/2012,173
7/1/2012,149
7/2/2012,152
7/3/2012,184
7/4/2012,244
7/5/2012,208
7/6/2012,235
7/7/2012,179
7/8/2012,150
7/9/2012,185
7/10/2012,193
7/11/2012,212
7/12/2012,213
7/13/2012,192
7/14/2012,157
7/15/2012,180
7/16/2012,165
7/17/2012,169
7/18/2012,182
7/19/2012,128
7/20/2012,131
7/21/2012,135
7/22/2012,167
7/23/2012,205
7/24/2012,224
7/25/2012,215
7/26/2012,169
7/27/2012,178
7/28/2012,189
7/29/2012,282
7/30/2012,229
7/31/2012,229
8/1/2012,206
8/2/2012,250
8/3/2012,154
8/4/2012,158
8/5/2012,250
8/6/2012,167
8/7/2012,167
8/8/2012,184
8/9/2012,247
8/10/2012,227
8/11/2012,206
8/12/2012,229
8/13/2012,253
8/14/2012,239
8/15/2012,277
8/16/2012,219
8/17/2012,179
8/18/2012,198
8/19/2012,230
8/20/2012,254
8/21/2012,197
8/22/2012,189
8/23/2012,247
8/24/2012,236
8/25/2012,216
8/26/2012,172
8/27/2012,202
8/28/2012,272
8/29/2012,254
8/30/2012,278
8/31/2012,160
9/1/2012,221
9/2/2012,236
9/3/2012,171
9/4/2012,175
9/5/2012,212
9/6/2012,176
9/7/2012,238
9/8/2012,186
9/9/2012,171
9/10/2012,292
9/11/2012,215
9/12/2012,160
9/13/2012,233
9/14/2012,222
9/15/2012,286
9/16/2012,286
9/17/2012,221
9/18/2012,183
9/19/2012,264
9/20/2012,245
9/21/2012,194
9/22/2012,186
9/23/2012,214
9/24/2012,239
9/25/2012,207
9/26/2012,222
9/27/2012,227
9/28/2012,193
9/29/2012,201
9/30/2012,216
10/1/2012,183
10/2/2012,327
10/3/2012,228
10/4/2012,180
10/5/2012,187
10/6/2012,293
10/7/2012,238
10/8/2012,217
10/9/2012,219
10/10/2012,187
10/11/2012,310
10/12/2012,545
10/13/2012,245
10/14/2012,210
10/15/2012,232
10/16/2012,201
10/17/2012,178
10/18/2012,265
10/19/2012,206
10/20/2012,215
10/21/2012,231
10/22/2012,238
10/23/2012,210
10/24/2012,230
10/25/2012,279
10/26/2012,264
10/27/2012,214
10/28/2012,296
10/29/2012,256
10/30/2012,198
10/31/2012,235
11/1/2012,204
11/2/2012,225
11/3/2012,246
11/4/2012,261
11/5/2012,299
11/6/2012,296
11/7/2012,251
11/8/2012,227
11/9/2012,276
11/10/2012,236
11/11/2012,218
11/12/2012,250
11/13/2012,273
11/14/2012,332
11/15/2012,257
11/16/2012,237
11/17/2012,229
11/18/2012,209
11/19/2012,262
11/20/2012,400
11/21/2012,235
11/22/2012,277
11/23/2012,281
11/24/2012,304
11/25/2012,250
11/26/2012,249
11/27/2012,246
11/28/2012,259
11/29/2012,366
11/30/2012,392
12/1/2012,374
12/2/2012,349
12/3/2012,235
12/4/2012,262
12/5/2012,269
12/6/2012,246
12/7/2012,236
12/8/2012,256
12/9/2012,254
12/10/2012,301
12/11/2012,270
12/12/2012,314
12/13/2012,282
12/14/2012,345
12/15/2012,268
12/16/2012,320
12/17/2012,254
12/18/2012,333
12/19/2012,272
12/20/2012,246
12/21/2012,230
12/22/2012,279
12/23/2012,281
12/24/2012,264
12/25/2012,256
12/26/2012,287
12/27/2012,289
12/28/2012,288
12/29/2012,351
12/30/2012,291
12/31/2012,314
1/1/2013,288
1/2/2013,236
1/3/2013,255
1/4/2013,277
1/5/2013,298
1/6/2013,266
1/7/2013,292
1/8/2013,293
1/9/2013,280
1/10/2013,243
1/11/2013,283
1/12/2013,262
1/13/2013,244
1/14/2013,267
1/15/2013,338
1/16/2013,248
1/17/2013,273
1/18/2013,276
1/19/2013,252
1/20/2013,293
1/21/2013,252
1/22/2013,309
1/23/2013,281
1/24/2013,240
1/25/2013,292
1/26/2013,238
1/27/2013,272
1/28/2013,383
1/29/2013,347
1/30/2013,273
1/31/2013,316
2/1/2013,348
2/2/2013,262
2/3/2013,286
2/4/2013,291
2/5/2013,294
2/6/2013,413
2/7/2013,364
2/8/2013,323
2/9/2013,293
2/10/2013,300
2/11/2013,269
2/12/2013,293
2/13/2013,276
2/14/2013,361
2/15/2013,418
2/16/2013,307
2/17/2013,276
2/18/2013,276
2/19/2013,278
2/20/2013,349
2/21/2013,340
2/22/2013,302
2/23/2013,280
2/24/2013,301
2/25/2013,327
2/26/2013,367
2/27/2013,403
2/28/2013,344
3/1/2013,348
3/2/2013,333
3/3/2013,354
3/4/2013,382
3/5/2013,293
3/6/2013,437
3/7/2013,421
3/8/2013,300
3/9/2013,284
3/10/2013,432
3/11/2013,354
3/12/2013,294
3/13/2013,284
3/14/2013,340
3/15/2013,297
3/16/2013,272
3/17/2013,282
3/18/2013,314
3/19/2013,311
3/20/2013,377
3/21/2013,324
3/22/2013,586
3/23/2013,264
3/24/2013,237
3/25/2013,324
3/26/2013,266
3/27/2013,267
3/28/2013,235
3/29/2013,274
3/30/2013,262
3/31/2013,262
4/1/2013,258
4/2/2013,264
4/3/2013,245
4/4/2013,241
4/5/2013,268
4/6/2013,344
4/7/2013,201
4/8/2013,247
4/9/2013,282
4/10/2013,288
4/11/2013,243
4/12/2013,249
4/13/2013,254
4/14/2013,296
4/15/2013,268
4/16/2013,202
4/17/2013,209
4/18/2013,232
4/19/2013,213
4/20/2013,240
4/21/2013,282
4/22/2013,307
4/23/2013,269
4/24/2013,233
4/25/2013,278
4/26/2013,265
4/27/2013,221
4/28/2013,305
4/29/2013,258
4/30/2013,258
5/1/2013,274
5/2/2013,271
5/3/2013,341
5/4/2013,246
5/5/2013,267
5/6/2013,256
5/7/2013,268
5/8/2013,257
5/9/2013,274
5/10/2013,268
5/11/2013,213
5/12/2013,236
5/13/2013,277
5/14/2013,323
5/15/2013,198
5/16/2013,187
5/17/2013,193
5/18/2013,205
5/19/2013,216
5/20/2013,205
5/21/2013,213
5/22/2013,247
5/23/2013,259
5/24/2013,251
5/25/2013,202
5/26/2013,213
5/27/2013,258
5/28/2013,303
5/29/2013,204
5/30/2013,229
5/31/2013,254
6/1/2013,239
6/2/2013,189
6/3/2013,219
6/4/2013,191
6/5/2013,223
6/6/2013,253
6/7/2013,271
6/8/2013,220
6/9/2013,220
6/10/2013,174
6/11/2013,205
6/12/2013,280
6/13/2013,218
6/14/2013,257
6/15/2013,176
6/16/2013,165
6/17/2013,149
6/18/2013,160
6/19/2013,201
6/20/2013,248
6/21/2013,273
6/22/2013,203
6/23/2013,217
6/24/2013,212
6/25/2013,206
6/26/2013,168
6/27/2013,188
6/28/2013,194
6/29/2013,192
6/30/2013,224
7/1/2013,229
7/2/2013,231
7/3/2013,253
7/4/2013,221
7/5/2013,225
7/6/2013,219
7/7/2013,218
7/8/2013,220
7/9/2013,174
7/10/2013,182
7/11/2013,188
7/12/2013,218
7/13/2013,222
7/14/2013,191
7/15/2013,239
7/16/2013,169
7/17/2013,195
7/18/2013,219
7/19/2013,175
7/20/2013,163
7/21/2013,202
7/22/2013,196
7/23/2013,210
7/24/2013,139
7/25/2013,211
7/26/2013,250
7/27/2013,230
7/28/2013,232
7/29/2013,249
7/30/2013,261
7/31/2013,226
8/1/2013,216
8/2/2013,212
8/3/2013,215
8/4/2013,181
8/5/2013,203
8/6/2013,237
8/7/2013,296
8/8/2013,246
8/9/2013,235
8/10/2013,229
8/11/2013,208
8/12/2013,192
8/13/2013,217
8/14/2013,288
8/15/2013,346
8/16/2013,217
8/17/2013,256
8/18/2013,174
8/19/2013,191
8/20/2013,243
8/21/2013,253
8/22/2013,236
8/23/2013,216
8/24/2013,258
8/25/2013,237
8/26/2013,211
8/27/2013,202
8/28/2013,212
8/29/2013,243
8/30/2013,315
8/31/2013,246
9/1/2013,281
9/2/2013,262
9/3/2013,196
9/4/2013,245
9/5/2013,235
9/6/2013,261
9/7/2013,297
9/8/2013,339
9/9/2013,220
9/10/2013,233
9/11/2013,186
9/12/2013,205
9/13/2013,206
9/14/2013,170
9/15/2013,182
9/16/2013,253
9/17/2013,204
9/18/2013,255
9/19/2013,273
9/20/2013,219
9/21/2013,219
9/22/2013,259
9/23/2013,270
9/24/2013,209
9/25/2013,173
9/26/2013,230
9/27/2013,303
9/28/2013,236
9/29/2013,226
9/30/2013,225
10/1/2013,266
10/2/2013,215
10/3/2013,233
10/4/2013,219
10/5/2013,223
10/6/2013,209
10/7/2013,213
10/8/2013,190
10/9/2013,226
10/10/2013,269
10/11/2013,262
10/12/2013,277
10/13/2013,292
10/14/2013,259
10/15/2013,339
10/16/2013,310
10/17/2013,242
10/18/2013,286
10/19/2013,223
10/20/2013,229
10/21/2013,215
10/22/2013,260
10/23/2013,275
10/24/2013,272
10/25/2013,260
10/26/2013,276
10/27/2013,258
10/28/2013,224
10/29/2013,241
10/30/2013,264
10/31/2013,248
11/1/2013,233
11/2/2013,713
11/3/2013,272
11/4/2013,220
11/5/2013,231
11/6/2013,273
11/7/2013,284
11/8/2013,277
11/9/2013,218
11/10/2013,236
11/11/2013,242
11/12/2013,256
11/13/2013,260
11/14/2013,334
11/15/2013,216
11/16/2013,194
11/17/2013,228
11/18/2013,217
11/19/2013,246
11/20/2013,237
11/21/2013,310
11/22/2013,282
11/23/2013,293
11/24/2013,301
11/25/2013,284
11/26/2013,284
11/27/2013,298
11/28/2013,305
11/29/2013,315
11/30/2013,324
12/1/2013,240
12/2/2013,262
12/3/2013,262
12/4/2013,264
12/5/2013,282
12/6/2013,266
12/7/2013,253
12/8/2013,282
12/9/2013,244
12/10/2013,249
12/11/2013,303
12/12/2013,280
12/13/2013,244
12/14/2013,342
12/15/2013,321
12/16/2013,313
12/17/2013,283
12/18/2013,261
12/19/2013,344
12/20/2013,346
12/21/2013,257
12/22/2013,316
12/23/2013,269
12/24/2013,309
12/25/2013,291
12/26/2013,282
12/27/2013,239
12/28/2013,291
12/29/2013,337
12/30/2013,307
12/31/2013,338
1/1/2014,306
1/2/2014,314
1/3/2014,309
1/4/2014,264
1/5/2014,307
1/6/2014,295
1/7/2014,271
1/8/2014,279
1/9/2014,314
1/10/2014,271
1/11/2014,287
1/12/2014,303
1/13/2014,320
1/14/2014,319
1/15/2014,322
1/16/2014,251
1/17/2014,319
1/18/2014,274
1/19/2014,292
1/20/2014,270
1/21/2014,264
1/22/2014,254
1/23/2014,452
1/24/2014,382
1/25/2014,303
1/26/2014,250
1/27/2014,278
1/28/2014,288
1/29/2014,280
1/30/2014,341
1/31/2014,290
2/1/2014,246
2/2/2014,277
2/3/2014,293
2/4/2014,282
2/5/2014,321
2/6/2014,317
2/7/2014,319
2/8/2014,300
2/9/2014,318
2/10/2014,296
2/11/2014,331
2/12/2014,282
2/13/2014,292
2/14/2014,295
2/15/2014,300
2/16/2014,304
2/17/2014,285
2/18/2014,321
2/19/2014,327
2/20/2014,367
2/21/2014,291
2/22/2014,332
2/23/2014,292
2/24/2014,282
2/25/2014,278
2/26/2014,293
2/27/2014,249
2/28/2014,294
3/1/2014,266
3/2/2014,253
3/3/2014,267
3/4/2014,258
3/5/2014,288
3/6/2014,335
3/7/2014,294
3/8/2014,277
3/9/2014,262
3/10/2014,301
3/11/2014,281
3/12/2014,297
3/13/2014,254
3/14/2014,265
3/15/2014,315
3/16/2014,269
3/17/2014,291
3/18/2014,298
3/19/2014,288
3/20/2014,281
3/21/2014,272
3/22/2014,279
3/23/2014,313
3/24/2014,342
3/25/2014,248
3/26/2014,246
3/27/2014,214
3/28/2014,223
3/29/2014,280
3/30/2014,303
3/31/2014,275
4/1/2014,239
4/2/2014,247
4/3/2014,239
4/4/2014,233
4/5/2014,236
4/6/2014,267
4/7/2014,280
4/8/2014,284
4/9/2014,263
4/10/2014,240
4/11/2014,254
4/12/2014,255
4/13/2014,261
4/14/2014,322
4/15/2014,267
4/16/2014,238
4/17/2014,350
4/18/2014,248
4/19/2014,265
4/20/2014,312
4/21/2014,241
4/22/2014,274
4/23/2014,240
4/24/2014,253
4/25/2014,271
4/26/2014,231
4/27/2014,269
4/28/2014,261
4/29/2014,201
4/30/2014,247
5/1/2014,285
5/2/2014,290
5/3/2014,228
5/4/2014,193
5/5/2014,177
5/6/2014,187
5/7/2014,199
5/8/2014,194
5/9/2014,211
5/10/2014,274
5/11/2014,241
5/12/2014,185
5/13/2014,206
5/14/2014,199
5/15/2014,242
5/16/2014,212
5/17/2014,220
5/18/2014,230
5/19/2014,232
5/20/2014,234
5/21/2014,340
5/22/2014,240
5/23/2014,239
5/24/2014,222
5/25/2014,216
5/26/2014,281
5/27/2014,206
5/28/2014,211
5/29/2014,262
5/30/2014,237
5/31/2014,224
6/1/2014,228
6/2/2014,251
6/3/2014,285
6/4/2014,216
6/5/2014,214
6/6/2014,271
6/7/2014,232
6/8/2014,283
6/9/2014,175
6/10/2014,212
6/11/2014,222
6/12/2014,242
6/13/2014,195
6/14/2014,291
6/15/2014,253
6/16/2014,187
6/17/2014,199
6/18/2014,253
6/19/2014,203
6/20/2014,182
6/21/2014,244
6/22/2014,255
6/23/2014,305
6/24/2014,251
6/25/2014,229
6/26/2014,223
6/27/2014,214
6/28/2014,220
6/29/2014,233
6/30/2014,230
7/1/2014,224
7/2/2014,174
7/3/2014,161
7/4/2014,190
7/5/2014,158
7/6/2014,161
7/7/2014,309
7/8/2014,215
7/9/2014,235
7/10/2014,255
7/11/2014,251
7/12/2014,219
7/13/2014,173
7/14/2014,151
7/15/2014,195
7/16/2014,219
7/17/2014,258
7/18/2014,232
7/19/2014,180
7/20/2014,198
7/21/2014,268
7/22/2014,214
7/23/2014,221
7/24/2014,285
7/25/2014,264
7/26/2014,182
7/27/2014,212
7/28/2014,267
7/29/2014,204
7/30/2014,251
7/31/2014,247
8/1/2014,260
8/2/2014,236
8/3/2014,247
8/4/2014,320
8/5/2014,239
8/6/2014,279
8/7/2014,262
8/8/2014,258
8/9/2014,235
8/10/2014,208
8/11/2014,232
8/12/2014,246
8/13/2014,239
8/14/2014,224
8/15/2014,195
8/16/2014,234
8/17/2014,233
8/18/2014,218
8/19/2014,230
8/20/2014,239
8/21/2014,221
8/22/2014,220
8/23/2014,232
8/24/2014,205
8/25/2014,367
8/26/2014,213
8/27/2014,207
8/28/2014,239
8/29/2014,200
8/30/2014,234
8/31/2014,253
9/1/2014,234
9/2/2014,250
9/3/2014,212
9/4/2014,226
9/5/2014,221
9/6/2014,295
9/7/2014,240
9/8/2014,241
9/9/2014,243
9/10/2014,243
9/11/2014,183
9/12/2014,225
9/13/2014,274
9/14/2014,203
9/15/2014,296
9/16/2014,256
9/17/2014,280
9/18/2014,267
9/19/2014,264
9/20/2014,227
9/21/2014,201
9/22/2014,283
9/23/2014,233
9/24/2014,206
9/25/2014,212
9/26/2014,243
9/27/2014,206
9/28/2014,192
9/29/2014,201
9/30/2014,185
10/1/2014,251
10/2/2014,308
10/3/2014,244
10/4/2014,238
10/5/2014,233
10/6/2014,215
10/7/2014,298
10/8/2014,317
10/9/2014,286
10/10/2014,225
10/11/2014,271
10/12/2014,316
10/13/2014,229
10/14/2014,242
10/15/2014,229
10/16/2014,195
10/17/2014,231
10/18/2014,311
10/19/2014,233
10/20/2014,238
10/21/2014,235
10/22/2014,232
10/23/2014,317
10/24/2014,251
10/25/2014,227
10/26/2014,232
10/27/2014,281
10/28/2014,252
10/29/2014,243
10/30/2014,230
10/31/2014,266
11/1/2014,310
11/2/2014,283
11/3/2014,286
11/4/2014,252
11/5/2014,237
11/6/2014,232
11/7/2014,272
11/8/2014,289
11/9/2014,346
11/10/2014,264
11/11/2014,264
11/12/2014,357
11/13/2014,321
11/14/2014,258
11/15/2014,222
11/16/2014,268
11/17/2014,269
11/18/2014,299
11/19/2014,332
11/20/2014,309
11/21/2014,244
11/22/2014,228
11/23/2014,286
11/24/2014,229
11/25/2014,354
11/26/2014,452
11/27/2014,265
11/28/2014,256
11/29/2014,280
11/30/2014,308
12/1/2014,264
12/2/2014,247
12/3/2014,227
12/4/2014,245
12/5/2014,286
12/6/2014,271
12/7/2014,246
12/8/2014,253
12/9/2014,251
12/10/2014,333
12/11/2014,256
12/12/2014,287
12/13/2014,330
12/14/2014,368
12/15/2014,259
12/16/2014,265
12/17/2014,308
12/18/2014,264
12/19/2014,307
12/20/2014,453
12/21/2014,278
12/22/2014,262
12/23/2014,316
12/24/2014,432
12/25/2014,308
12/26/2014,272
12/27/2014,262
12/28/2014,270
12/29/2014,323
12/30/2014,380
12/31/2014,291
1/1/2015,335
1/2/2015,279
1/3/2015,280
1/4/2015,319
1/5/2015,283
1/6/2015,284
1/7/2015,286
1/8/2015,305
1/9/2015,289
1/10/2015,300
1/11/2015,290
1/12/2015,291
1/13/2015,345
1/14/2015,313
1/15/2015,305
1/16/2015,269
1/17/2015,271
1/18/2015,274
1/19/2015,297
1/20/2015,278
1/21/2015,298
1/22/2015,311
1/23/2015,299
1/24/2015,378
1/25/2015,311
1/26/2015,334
1/27/2015,301
1/28/2015,315
1/29/2015,315
1/30/2015,305
1/31/2015,367
2/1/2015,254
2/2/2015,282
2/3/2015,334
2/4/2015,306
2/5/2015,333
2/6/2015,303
2/7/2015,293
2/8/2015,318
2/9/2015,356
2/10/2015,362
2/11/2015,301
2/12/2015,326
2/13/2015,293
2/14/2015,264
2/15/2015,300
2/16/2015,280
2/17/2015,277
2/18/2015,262
2/19/2015,298
2/20/2015,320
2/21/2015,338
2/22/2015,283
2/23/2015,256
2/24/2015,280
2/25/2015,357
2/26/2015,253
2/27/2015,264
2/28/2015,296
3/1/2015,302
3/2/2015,293
3/3/2015,281
3/4/2015,266
3/5/2015,285
3/6/2015,248
3/7/2015,279
3/8/2015,383
3/9/2015,312
3/10/2015,357
3/11/2015,416
3/12/2015,356
3/13/2015,425
3/14/2015,369
3/15/2015,339
3/16/2015,313
3/17/2015,413
3/18/2015,404
3/19/2015,346
3/20/2015,320
3/21/2015,328
3/22/2015,335
3/23/2015,316
3/24/2015,283
3/25/2015,296
3/26/2015,267
3/27/2015,296
3/28/2015,316
3/29/2015,291
3/30/2015,367
3/31/2015,319
4/1/2015,282
4/2/2015,301
4/3/2015,333
4/4/2015,324
4/5/2015,307
4/6/2015,314
4/7/2015,304
4/8/2015,387
4/9/2015,591
4/10/2015,319
4/11/2015,348
4/12/2015,336
4/13/2015,362
4/14/2015,301
4/15/2015,308
4/16/2015,233
4/17/2015,255
4/18/2015,239
4/19/2015,267
4/20/2015,217
4/21/2015,232
4/22/2015,218
4/23/2015,240
4/24/2015,231
4/25/2015,318
4/26/2015,250
4/27/2015,260
4/28/2015,275
4/29/2015,253
4/30/2015,250
5/1/2015,250
5/2/2015,231
5/3/2015,252
5/4/2015,297
5/5/2015,317
5/6/2015,234
5/7/2015,260
5/8/2015,259
5/9/2015,267
5/10/2015,293
5/11/2015,266
5/12/2015,245
5/13/2015,243
5/14/2015,252
5/15/2015,240
5/16/2015,195
5/17/2015,230
5/18/2015,372
5/19/2015,229
5/20/2015,244
5/21/2015,198
5/22/2015,261
5/23/2015,221
5/24/2015,201
5/25/2015,201
5/26/2015,224
5/27/2015,330
5/28/2015,393
5/29/2015,405
5/30/2015,365
5/31/2015,196
6/1/2015,215
6/2/2015,204
6/3/2015,204
6/4/2015,202
6/5/2015,230
6/6/2015,233
6/7/2015,232
6/8/2015,228
6/9/2015,254
6/10/2015,236
6/11/2015,274
6/12/2015,228
6/13/2015,281
6/14/2015,226
6/15/2015,297
6/16/2015,239
6/17/2015,218
6/18/2015,220
6/19/2015,233
6/20/2015,225
6/21/2015,212
6/22/2015,150
6/23/2015,165
6/24/2015,224
6/25/2015,229
6/26/2015,269
6/27/2015,248
6/28/2015,263
6/29/2015,255
6/30/2015,265
7/1/2015,274
7/2/2015,260
7/3/2015,259
7/4/2015,205
7/5/2015,190
7/6/2015,207
7/7/2015,249
7/8/2015,230
7/9/2015,249
7/10/2015,229
7/11/2015,223
7/12/2015,217
7/13/2015,290
7/14/2015,239
7/15/2015,215
7/16/2015,229
7/17/2015,198
7/18/2015,193
7/19/2015,177
7/20/2015,229
7/21/2015,231
7/22/2015,149
7/23/2015,147
7/24/2015,172
7/25/2015,247
7/26/2015,283
7/27/2015,259
7/28/2015,260
7/29/2015,219
7/30/2015,252
7/31/2015,218
8/1/2015,204
8/2/2015,223
8/3/2015,214
8/4/2015,341
8/5/2015,253
8/6/2015,264
8/7/2015,239
8/8/2015,229
8/9/2015,221
8/10/2015,213
8/11/2015,212
8/12/2015,276
8/13/2015,312
8/14/2015,272
8/15/2015,235
8/16/2015,239
8/17/2015,234
8/18/2015,297
8/19/2015,201
8/20/2015,185
8/21/2015,208
8/22/2015,253
8/23/2015,213
8/24/2015,273
8/25/2015,321
8/26/2015,240
8/27/2015,259
8/28/2015,188
8/29/2015,207
8/30/2015,278
8/31/2015,264
9/1/2015,333
9/2/2015,318
9/3/2015,224
9/4/2015,239
9/5/2015,392
9/6/2015,223
9/7/2015,203
9/8/2015,251
9/9/2015,353
9/10/2015,285
9/11/2015,270
9/12/2015,265
9/13/2015,268
9/14/2015,254
9/15/2015,299
9/16/2015,238
9/17/2015,515
9/18/2015,241
9/19/2015,237
9/20/2015,314
9/21/2015,235
9/22/2015,245
9/23/2015,267
9/24/2015,277
9/25/2015,214
9/26/2015,210
9/27/2015,232
9/28/2015,293
9/29/2015,216
9/30/2015,256
10/1/2015,292
10/2/2015,371
10/3/2015,270
10/4/2015,323
10/5/2015,215
10/6/2015,247
10/7/2015,269
10/8/2015,287
10/9/2015,260
10/10/2015,357
10/11/2015,334
10/12/2015,225
10/13/2015,228
10/14/2015,254
10/15/2015,320
10/16/2015,303
10/17/2015,281
10/18/2015,221
10/19/2015,214
10/20/2015,229
10/21/2015,267
10/22/2015,274
10/23/2015,251
10/24/2015,321
10/25/2015,218
10/26/2015,249
10/27/2015,270
10/28/2015,292
10/29/2015,333
10/30/2015,217
10/31/2015,221
11/1/2015,261
11/2/2015,239
11/3/2015,282
11/4/2015,306
11/5/2015,327
11/6/2015,316
11/7/2015,282
11/8/2015,303
11/9/2015,354
11/10/2015,298
11/11/2015,297
11/12/2015,319
11/13/2015,358
11/14/2015,255
11/15/2015,245
11/16/2015,283
11/17/2015,310
11/18/2015,257
11/19/2015,283
11/20/2015,254
11/21/2015,246
11/22/2015,243
11/23/2015,365
11/24/2015,313
11/25/2015,307
11/26/2015,294
11/27/2015,284
11/28/2015,274
11/29/2015,293
11/30/2015,275
12/1/2015,319
12/2/2015,331
12/3/2015,386
12/4/2015,304
12/5/2015,306
12/6/2015,337
12/7/2015,325
12/8/2015,390
12/9/2015,294
12/10/2015,339
12/11/2015,296
12/12/2015,290
12/13/2015,288
12/14/2015,291
12/15/2015,284
12/16/2015,275
12/17/2015,346
12/18/2015,287
12/19/2015,288
12/20/2015,296
12/21/2015,334
12/22/2015,267
12/23/2015,281
12/24/2015,300
12/25/2015,283
12/26/2015,263
12/27/2015,254
12/28/2015,263
12/29/2015,356
12/30/2015,305
12/31/2015,307
1/1/2016,305
1/2/2016,266
1/3/2016,292
1/4/2016,315
1/5/2016,281
1/6/2016,297
1/7/2016,331
1/8/2016,279
1/9/2016,295
1/10/2016,329
1/11/2016,310
1/12/2016,292
1/13/2016,294
1/14/2016,324
1/15/2016,312
1/16/2016,294
1/17/2016,293
1/18/2016,365
1/19/2016,314
1/20/2016,309
1/21/2016,307
1/22/2016,290
1/23/2016,281
1/24/2016,335
1/25/2016,321
1/26/2016,328
1/27/2016,297
1/28/2016,313
1/29/2016,335
1/30/2016,318
1/31/2016,315
2/1/2016,326
2/2/2016,342
2/3/2016,276
2/4/2016,301
2/5/2016,306
2/6/2016,275
2/7/2016,324
2/8/2016,326
2/9/2016,288
2/10/2016,380
2/11/2016,264
2/12/2016,370
2/13/2016,363
2/14/2016,379
2/15/2016,348
2/16/2016,347
2/17/2016,290
2/18/2016,296
2/19/2016,306
2/20/2016,353
2/21/2016,305
2/22/2016,295
2/23/2016,277
2/24/2016,288
2/25/2016,353
2/26/2016,312
2/27/2016,347
2/28/2016,362
2/29/2016,299
3/1/2016,312
3/2/2016,306
3/3/2016,342
3/4/2016,368
3/5/2016,456
3/6/2016,290
3/7/2016,296
3/8/2016,280
3/9/2016,290
3/10/2016,247
3/11/2016,278
3/12/2016,322
3/13/2016,318
3/14/2016,298
3/15/2016,280
3/16/2016,276
3/17/2016,321
3/18/2016,333
3/19/2016,342
3/20/2016,391
3/21/2016,337
3/22/2016,320
3/23/2016,317
3/24/2016,311
3/25/2016,344
3/26/2016,283
3/27/2016,281
3/28/2016,329
3/29/2016,321
3/30/2016,266
3/31/2016,280
4/1/2016,322
4/2/2016,342
4/3/2016,313
4/4/2016,271
4/5/2016,298
4/6/2016,276
4/7/2016,284
4/8/2016,255
4/9/2016,302
4/10/2016,287
4/11/2016,340
4/12/2016,360
4/13/2016,365
4/14/2016,315
4/15/2016,283
4/16/2016,275
4/17/2016,290
4/18/2016,284
4/19/2016,299
4/20/2016,311
4/21/2016,290
4/22/2016,289
4/23/2016,282
4/24/2016,241
4/25/2016,278
4/26/2016,276
4/27/2016,228
4/28/2016,257
4/29/2016,730
4/30/2016,283
5/1/2016,247
5/2/2016,278
5/3/2016,268
5/4/2016,241
5/5/2016,288
5/6/2016,291
5/7/2016,295
5/8/2016,293
5/9/2016,255
5/10/2016,273
5/11/2016,343
5/12/2016,264
5/13/2016,277
5/14/2016,278
5/15/2016,301
5/16/2016,279
5/17/2016,285
5/18/2016,299
5/19/2016,262
5/20/2016,268
5/21/2016,271
5/22/2016,277
5/23/2016,261
5/24/2016,222
5/25/2016,251
5/26/2016,264
5/27/2016,335
5/28/2016,256
5/29/2016,275
5/30/2016,269
5/31/2016,220
6/1/2016,214
6/2/2016,279
6/3/2016,284
6/4/2016,276
6/5/2016,259
6/6/2016,267
6/7/2016,268
6/8/2016,256
6/9/2016,262
6/10/2016,333
6/11/2016,265
6/12/2016,256
6/13/2016,228
6/14/2016,229
6/15/2016,250
6/16/2016,261
6/17/2016,246
6/18/2016,237
6/19/2016,218
6/20/2016,218
6/21/2016,220
6/22/2016,240
6/23/2016,221
6/24/2016,226
6/25/2016,242
6/26/2016,235
6/27/2016,202
6/28/2016,164
6/29/2016,183
6/30/2016,283
7/1/2016,282
7/2/2016,279
7/3/2016,241
7/4/2016,214
7/5/2016,224
7/6/2016,239
7/7/2016,210
7/8/2016,232
7/9/2016,236
7/10/2016,209
7/11/2016,210
7/12/2016,204
7/13/2016,235
7/14/2016,324
7/15/2016,227
7/16/2016,232
7/17/2016,257
7/18/2016,259
7/19/2016,262
7/20/2016,410
7/21/2016,313
7/22/2016,292
7/23/2016,185
7/24/2016,220
7/25/2016,214
7/26/2016,228
7/27/2016,326
7/28/2016,238
7/29/2016,255
7/30/2016,254
7/31/2016,263
8/1/2016,253
8/2/2016,290
8/3/2016,233
8/4/2016,290
8/5/2016,256
8/6/2016,214
8/7/2016,199
8/8/2016,211
8/9/2016,178
8/10/2016,196
8/11/2016,200
8/12/2016,211
8/13/2016,235
8/14/2016,253
8/15/2016,285
8/16/2016,237
8/17/2016,282
8/18/2016,257
8/19/2016,250
8/20/2016,275
8/21/2016,285
8/22/2016,274
8/23/2016,223
8/24/2016,237
8/25/2016,261
8/26/2016,252
8/27/2016,307
8/28/2016,237
8/29/2016,221
8/30/2016,249
8/31/2016,270
9/1/2016,260
9/2/2016,278
9/3/2016,287
9/4/2016,274
9/5/2016,251
9/6/2016,252
9/7/2016,227
9/8/2016,247
9/9/2016,284
9/10/2016,236
9/11/2016,276
9/12/2016,293
9/13/2016,225
9/14/2016,256
9/15/2016,285
9/16/2016,269
9/17/2016,239
9/18/2016,257
9/19/2016,278
9/20/2016,237
9/21/2016,267
9/22/2016,242
9/23/2016,268
9/24/2016,294
9/25/2016,290
9/26/2016,225
9/27/2016,211
9/28/2016,242
9/29/2016,285
9/30/2016,333
10/1/2016,266
10/2/2016,265
10/3/2016,323
10/4/2016,309
10/5/2016,260
10/6/2016,243
10/7/2016,216
10/8/2016,257
10/9/2016,297
10/10/2016,234
10/11/2016,284
10/12/2016,353
10/13/2016,233
10/14/2016,253
10/15/2016,278
10/16/2016,311
10/17/2016,251
10/18/2016,241
10/19/2016,224
10/20/2016,314
10/21/2016,213
10/22/2016,248
10/23/2016,244
10/24/2016,241
10/25/2016,257
10/26/2016,239
10/27/2016,267
10/28/2016,297
10/29/2016,298
10/30/2016,268
10/31/2016,282
11/1/2016,256
11/2/2016,323
11/3/2016,366
11/4/2016,355
11/5/2016,252
11/6/2016,260
11/7/2016,290
11/8/2016,273
11/9/2016,324
11/10/2016,270
11/11/2016,284
11/12/2016,268
11/13/2016,304
11/14/2016,316
11/15/2016,386
11/16/2016,265
11/17/2016,276
11/18/2016,264
11/19/2016,252
11/20/2016,288
11/21/2016,274
11/22/2016,289
11/23/2016,262
11/24/2016,309
11/25/2016,272
11/26/2016,268
11/27/2016,291
11/28/2016,262
11/29/2016,271
11/30/2016,304
12/1/2016,363
12/2/2016,314
12/3/2016,328
12/4/2016,323
12/5/2016,378
12/6/2016,274
12/7/2016,362
12/8/2016,285
12/9/2016,366
12/10/2016,280
12/11/2016,284
12/12/2016,265
12/13/2016,264
12/14/2016,312
12/15/2016,303
12/16/2016,291
12/17/2016,306
12/18/2016,344
12/19/2016,301
12/20/2016,276
12/21/2016,270
12/22/2016,300
12/23/2016,261
12/24/2016,319
12/25/2016,305
12/26/2016,316
12/27/2016,294
12/28/2016,276
12/29/2016,334
12/30/2016,306
12/31/2016,315
1/1/2017,427
1/2/2017,336
1/3/2017,344
1/4/2017,364
1/5/2017,364
1/6/2017,290
1/7/2017,291
1/8/2017,323
1/9/2017,347
1/10/2017,304
1/11/2017,353
1/12/2017,357
1/13/2017,296
1/14/2017,313
1/15/2017,401
1/16/2017,303
1/17/2017,295
1/18/2017,364
1/19/2017,383
1/20/2017,292
1/21/2017,313
1/22/2017,322
1/23/2017,313
1/24/2017,340
1/25/2017,307
1/26/2017,303
1/27/2017,281
1/28/2017,308
1/29/2017,402
1/30/2017,354
1/31/2017,343
2/1/2017,301
2/2/2017,306
2/3/2017,287
2/4/2017,312
2/5/2017,329
2/6/2017,364
2/7/2017,305
2/8/2017,331
2/9/2017,281
2/10/2017,325
2/11/2017,296
2/12/2017,343
2/13/2017,342
2/14/2017,360
2/15/2017,335
2/16/2017,340
2/17/2017,357
2/18/2017,388
2/19/2017,451
2/20/2017,275
2/21/2017,276
2/22/2017,317
2/23/2017,285
2/24/2017,299
2/25/2017,311
2/26/2017,327
2/27/2017,321
2/28/2017,296
3/1/2017,314
3/2/2017,341
3/3/2017,392
3/4/2017,359
3/5/2017,286
3/6/2017,280
3/7/2017,278
3/8/2017,283
3/9/2017,274
3/10/2017,372
3/11/2017,302
3/12/2017,340
3/13/2017,286
3/14/2017,360
3/15/2017,401
3/16/2017,368
3/17/2017,327
3/18/2017,307
3/19/2017,368
3/20/2017,315
3/21/2017,312
3/22/2017,282
3/23/2017,282
3/24/2017,317
3/25/2017,294
3/26/2017,331
3/27/2017,292
3/28/2017,289
3/29/2017,301
3/30/2017,303
3/31/2017,293
4/1/2017,315
4/2/2017,312
4/3/2017,320
4/4/2017,404
4/5/2017,357
4/6/2017,311
4/7/2017,278
4/8/2017,245
4/9/2017,316
4/10/2017,369
4/11/2017,371
4/12/2017,296
4/13/2017,292
4/14/2017,325
4/15/2017,285
4/16/2017,287
4/17/2017,348
4/18/2017,252
4/19/2017,257
4/20/2017,253
4/21/2017,277
4/22/2017,262
4/23/2017,271
4/24/2017,300
4/25/2017,344
4/26/2017,343
4/27/2017,311
4/28/2017,296
4/29/2017,277
4/30/2017,304
5/1/2017,276
5/2/2017,288
5/3/2017,291
5/4/2017,310
5/5/2017,278
5/6/2017,260
5/7/2017,272
5/8/2017,277
5/9/2017,379
5/10/2017,373
5/11/2017,351
5/12/2017,294
5/13/2017,299
5/14/2017,304
5/15/2017,291
5/16/2017,324
5/17/2017,307
5/18/2017,274
5/19/2017,264
5/20/2017,266
5/21/2017,266
5/22/2017,362
5/23/2017,322
5/24/2017,268
5/25/2017,237
5/26/2017,240
5/27/2017,302
5/28/2017,289
5/29/2017,258
5/30/2017,256
5/31/2017,267
6/1/2017,292
6/2/2017,290
6/3/2017,289
6/4/2017,242
6/5/2017,244
6/6/2017,274
6/7/2017,267
6/8/2017,317
6/9/2017,364
6/10/2017,336
6/11/2017,238
6/12/2017,256
6/13/2017,266
6/14/2017,217
6/15/2017,261
6/16/2017,434
6/17/2017,237
6/18/2017,300
6/19/2017,333
6/20/2017,395
6/21/2017,315
6/22/2017,271
6/23/2017,249
6/24/2017,259
6/25/2017,286
6/26/2017,323
6/27/2017,267
6/28/2017,283
6/29/2017,255
6/30/2017,201
7/1/2017,247
7/2/2017,245
7/3/2017,226
7/4/2017,243
7/5/2017,228
7/6/2017,215
7/7/2017,235
7/8/2017,268
7/9/2017,251
7/10/2017,229
7/11/2017,207
7/12/2017,228
7/13/2017,260
7/14/2017,240
7/15/2017,267
7/16/2017,267
7/17/2017,265
7/18/2017,240
7/19/2017,254
7/20/2017,235
7/21/2017,334
7/22/2017,218
7/23/2017,216
7/24/2017,229
7/25/2017,269
7/26/2017,234
7/27/2017,248
7/28/2017,334
7/29/2017,271
7/30/2017,266
7/31/2017,278
8/1/2017,258
8/2/2017,264
8/3/2017,254
8/4/2017,278
8/5/2017,266
8/6/2017,322
8/7/2017,338
8/8/2017,222
8/9/2017,265
8/10/2017,246
8/11/2017,257
8/12/2017,269
8/13/2017,298
8/14/2017,278
8/15/2017,231
8/16/2017,222
8/17/2017,221
8/18/2017,264
8/19/2017,228
8/20/2017,272
8/21/2017,270
8/22/2017,346
8/23/2017,280
8/24/2017,261
8/25/2017,276
8/26/2017,287
8/27/2017,273
8/28/2017,222
8/29/2017,244
8/30/2017,234
8/31/2017,239
9/1/2017,244
9/2/2017,313
9/3/2017,228
9/4/2017,256
9/5/2017,294
9/6/2017,310
9/7/2017,335
9/8/2017,253
9/9/2017,269
9/10/2017,273
9/11/2017,337
9/12/2017,345
9/13/2017,284
9/14/2017,284
9/15/2017,256
9/16/2017,267
9/17/2017,321
9/18/2017,259
9/19/2017,263
9/20/2017,274
9/21/2017,263
9/22/2017,319
9/23/2017,327
9/24/2017,396
9/25/2017,374
9/26/2017,353
9/27/2017,304
9/28/2017,296
9/29/2017,276
9/30/2017,276
10/1/2017,263
10/2/2017,286
10/3/2017,315
10/4/2017,579
10/5/2017,277
10/6/2017,261
10/7/2017,270
10/8/2017,283
10/9/2017,247
10/10/2017,269
10/11/2017,282
10/12/2017,264
10/13/2017,318
10/14/2017,317
10/15/2017,279
10/16/2017,284
10/17/2017,285
10/18/2017,283
10/19/2017,279
10/20/2017,340
10/21/2017,277
10/22/2017,287
10/23/2017,319
10/24/2017,275
10/25/2017,305
10/26/2017,272
10/27/2017,288
10/28/2017,273
10/29/2017,336
10/30/2017,370
10/31/2017,404
11/1/2017,339
11/2/2017,272
11/3/2017,282
11/4/2017,307
11/5/2017,282
11/6/2017,325
11/7/2017,327
11/8/2017,287
11/9/2017,294
11/10/2017,287
11/11/2017,316
11/12/2017,448
11/13/2017,274
11/14/2017,320
11/15/2017,324
11/16/2017,375
11/17/2017,424
11/18/2017,312
11/19/2017,281
11/20/2017,259
11/21/2017,381
11/22/2017,400
11/23/2017,420
11/24/2017,399
11/25/2017,293
11/26/2017,291
11/27/2017,320
11/28/2017,314
11/29/2017,301
11/30/2017,283
12/1/2017,256
12/2/2017,322
12/3/2017,321
12/4/2017,292
12/5/2017,288
12/6/2017,346
12/7/2017,313
12/8/2017,357
12/9/2017,326
12/10/2017,394
12/11/2017,332
12/12/2017,339
12/13/2017,350
12/14/2017,380
12/15/2017,328
12/16/2017,306
12/17/2017,288
12/18/2017,311
12/19/2017,299
12/20/2017,285
12/21/2017,338
12/22/2017,292
12/23/2017,295
12/24/2017,303
12/25/2017,339
12/26/2017,330
12/27/2017,315
12/28/2017,353
12/29/2017,354
12/30/2017,351
12/31/2017,336
1/1/2018,356
1/2/2018,354
1/3/2018,388
1/4/2018,371
1/5/2018,371
1/6/2018,384
1/7/2018,438
1/8/2018,369
1/9/2018,382
1/10/2018,385
1/11/2018,427
1/12/2018,413
1/13/2018,401
1/14/2018,383
1/15/2018,346
1/16/2018,363
1/17/2018,361
1/18/2018,352
1/19/2018,357
1/20/2018,448
1/21/2018,421
1/22/2018,319
1/23/2018,314
1/24/2018,362
1/25/2018,345
1/26/2018,362
1/27/2018,420
1/28/2018,424
1/29/2018,414
1/30/2018,344
1/31/2018,369
2/1/2018,337
2/2/2018,356
2/3/2018,335
2/4/2018,361
2/5/2018,292
2/6/2018,372
2/7/2018,424
2/8/2018,324
2/9/2018,349
2/10/2018,354
2/11/2018,364
2/12/2018,411
2/13/2018,341
2/14/2018,310
2/15/2018,329
2/16/2018,357
2/17/2018,336
2/18/2018,354
2/19/2018,420
2/20/2018,363
2/21/2018,353
2/22/2018,358
2/23/2018,327
2/24/2018,393
2/25/2018,387
2/26/2018,453
2/27/2018,436
2/28/2018,315
3/1/2018,368
3/2/2018,495
3/3/2018,346
3/4/2018,319
3/5/2018,339
3/6/2018,438
3/7/2018,396
3/8/2018,365
3/9/2018,341
3/10/2018,295
3/11/2018,337
3/12/2018,392
3/13/2018,353
3/14/2018,629
3/15/2018,344
3/16/2018,354
3/17/2018,421
3/18/2018,342
3/19/2018,362
3/20/2018,357
3/21/2018,349
3/22/2018,343
3/23/2018,332
3/24/2018,362
3/25/2018,421
3/26/2018,352
3/27/2018,364
3/28/2018,434
3/29/2018,526
3/30/2018,366
3/31/2018,379
4/1/2018,345
4/2/2018,363
4/3/2018,337
4/4/2018,357
4/5/2018,311
4/6/2018,414
4/7/2018,368
4/8/2018,262
4/9/2018,281
4/10/2018,311
4/11/2018,360
4/12/2018,344
4/13/2018,351
4/14/2018,313
4/15/2018,281
4/16/2018,286
4/17/2018,339
4/18/2018,297
4/19/2018,316
4/20/2018,376
4/21/2018,331
4/22/2018,318
4/23/2018,331
4/24/2018,356
4/25/2018,387
4/26/2018,337
4/27/2018,374
4/28/2018,339
4/29/2018,331
4/30/2018,359
5/1/2018,336
5/2/2018,349
5/3/2018,366
5/4/2018,365
5/5/2018,335
5/6/2018,398
5/7/2018,331
5/8/2018,317
5/9/2018,311
5/10/2018,318
5/11/2018,269
5/12/2018,299
5/13/2018,345
5/14/2018,366
5/15/2018,309
5/16/2018,325
5/17/2018,319
5/18/2018,295
5/19/2018,302
5/20/2018,357
5/21/2018,288
5/22/2018,299
5/23/2018,282
5/24/2018,283
5/25/2018,322
5/26/2018,323
5/27/2018,277
5/28/2018,316
5/29/2018,288
5/30/2018,343
5/31/2018,298
6/1/2018,316
6/2/2018,304
6/3/2018,330
6/4/2018,379
6/5/2018,305
6/6/2018,309
6/7/2018,294
6/8/2018,293
6/9/2018,278
6/10/2018,247
6/11/2018,262
6/12/2018,313
6/13/2018,362
6/14/2018,255
6/15/2018,220
6/16/2018,231
6/17/2018,310
6/18/2018,266
6/19/2018,268
6/20/2018,292
6/21/2018,278
6/22/2018,303
6/23/2018,279
6/24/2018,266
6/25/2018,316
6/26/2018,303
6/27/2018,283
6/28/2018,290
6/29/2018,288
6/30/2018,250
7/1/2018,268
7/2/2018,244
7/3/2018,251
7/4/2018,303
7/5/2018,322
7/6/2018,323
7/7/2018,329
7/8/2018,262
7/9/2018,280
7/10/2018,335
7/11/2018,265
7/12/2018,271
7/13/2018,315
7/14/2018,251
7/15/2018,334
7/16/2018,279
7/17/2018,279
7/18/2018,283
7/19/2018,296
7/20/2018,255
7/21/2018,288
7/22/2018,308
7/23/2018,298
7/24/2018,281
7/25/2018,278
7/26/2018,290
7/27/2018,304
7/28/2018,268
7/29/2018,294
7/30/2018,358
7/31/2018,297
8/1/2018,281
8/2/2018,294
8/3/2018,292
8/4/2018,249
8/5/2018,264
8/6/2018,285
8/7/2018,329
8/8/2018,283
8/9/2018,363
8/10/2018,239
8/11/2018,253
8/12/2018,279
8/13/2018,329
8/14/2018,323
8/15/2018,319
8/16/2018,295
8/17/2018,340
8/18/2018,289
8/19/2018,314
8/20/2018,275
8/21/2018,276
8/22/2018,354
8/23/2018,272
8/24/2018,326
8/25/2018,321
8/26/2018,261
8/27/2018,302
8/28/2018,298
8/29/2018,294
8/30/2018,360
8/31/2018,450
9/1/2018,297
9/2/2018,311
9/3/2018,246
9/4/2018,297
9/5/2018,288
9/6/2018,252
9/7/2018,327
9/8/2018,349
9/9/2018,334
9/10/2018,308
9/11/2018,258
9/12/2018,245
9/13/2018,242
9/14/2018,258
9/15/2018,359
9/16/2018,306
9/17/2018,298
9/18/2018,294
9/19/2018,273
9/20/2018,336
9/21/2018,356
9/22/2018,278
9/23/2018,282
9/24/2018,301
9/25/2018,309
9/26/2018,294
9/27/2018,316
9/28/2018,290
9/29/2018,334
9/30/2018,280
10/1/2018,344
10/2/2018,389
10/3/2018,302
10/4/2018,294
10/5/2018,257
10/6/2018,318
10/7/2018,387
10/8/2018,353
10/9/2018,325
10/10/2018,357
10/11/2018,256
10/12/2018,332
10/13/2018,289
10/14/2018,315
10/15/2018,299
10/16/2018,316
10/17/2018,327
10/18/2018,282
10/19/2018,357
10/20/2018,294
10/21/2018,330
10/22/2018,318
10/23/2018,256
10/24/2018,337
10/25/2018,764
10/26/2018,292
10/27/2018,334
10/28/2018,340
10/29/2018,339
10/30/2018,315
10/31/2018,358
11/1/2018,352
11/2/2018,344
11/3/2018,296
11/4/2018,289
11/5/2018,317
11/6/2018,440
11/7/2018,326
11/8/2018,303
11/9/2018,314
11/10/2018,303
11/11/2018,366
11/12/2018,375
11/13/2018,288
11/14/2018,286
11/15/2018,321
11/16/2018,326
11/17/2018,304
11/18/2018,372
11/19/2018,329
11/20/2018,333
11/21/2018,324
11/22/2018,409
11/23/2018,332
11/24/2018,313
11/25/2018,309
11/26/2018,325
11/27/2018,310
11/28/2018,302
11/29/2018,312
11/30/2018,328
12/1/2018,370
12/2/2018,362
12/3/2018,364
12/4/2018,330
12/5/2018,329
12/6/2018,388
12/7/2018,397
12/8/2018,430
12/9/2018,341
12/10/2018,309
12/11/2018,350
12/12/2018,386
12/13/2018,396
12/14/2018,421
12/15/2018,437
12/16/2018,360
12/17/2018,378
12/18/2018,353
12/19/2018,326
12/20/2018,319
12/21/2018,351
12/22/2018,367
12/23/2018,393
12/24/2018,349
12/25/2018,288
12/26/2018,368
12/27/2018,341
12/28/2018,352
12/29/2018,341
12/30/2018,367
12/31/2018,390
1/1/2019,421
1/2/2019,399
1/3/2019,342
1/4/2019,320
1/5/2019,341
1/6/2019,378
1/7/2019,391
1/8/2019,353
1/9/2019,407
1/10/2019,378
1/11/2019,338
1/12/2019,349
1/13/2019,389
1/14/2019,424
1/15/2019,566
1/16/2019,419
1/17/2019,378
1/18/2019,384
1/19/2019,401
1/20/2019,368
1/21/2019,356
1/22/2019,434
1/23/2019,372
1/24/2019,378
1/25/2019,388
1/26/2019,419
1/27/2019,429
1/28/2019,421
1/29/2019,381
1/30/2019,415
1/31/2019,366
2/1/2019,406
2/2/2019,373
2/3/2019,388
2/4/2019,352
2/5/2019,403
2/6/2019,415
2/7/2019,385
2/8/2019,368
2/9/2019,382
2/10/2019,393
2/11/2019,393
2/12/2019,441
2/13/2019,423
2/14/2019,450
2/15/2019,432
2/16/2019,433
2/17/2019,396
2/18/2019,369
2/19/2019,383
2/20/2019,387
2/21/2019,349
2/22/2019,414
2/23/2019,419
2/24/2019,352
2/25/2019,386
2/26/2019,418
2/27/2019,438
2/28/2019,442
3/1/2019,436
3/2/2019,448
3/3/2019,453
3/4/2019,413
3/5/2019,410
3/6/2019,430
3/7/2019,462
3/8/2019,425
3/9/2019,413
3/10/2019,418
3/11/2019,351
3/12/2019,382
3/13/2019,385
3/14/2019,373
3/15/2019,353
3/16/2019,376
3/17/2019,382
3/18/2019,400
3/19/2019,389
3/20/2019,394
3/21/2019,387
3/22/2019,369
3/23/2019,381
3/24/2019,312
3/25/2019,319
3/26/2019,344
3/27/2019,337
3/28/2019,319
3/29/2019,359
3/30/2019,380
3/31/2019,433
4/1/2019,390
4/2/2019,359
4/3/2019,415
4/4/2019,345
4/5/2019,374
4/6/2019,411
4/7/2019,358
4/8/2019,360
4/9/2019,442
4/10/2019,358
4/11/2019,359
4/12/2019,392
4/13/2019,304
4/14/2019,330
4/15/2019,330
4/16/2019,339
4/17/2019,333
4/18/2019,314
4/19/2019,333
4/20/2019,328
4/21/2019,318
4/22/2019,316
4/23/2019,333
4/24/2019,348
4/25/2019,358
4/26/2019,377
4/27/2019,362
4/28/2019,366
4/29/2019,357
4/30/2019,367
5/1/2019,341
5/2/2019,395
5/3/2019,326
5/4/2019,321
5/5/2019,334
5/6/2019,340
5/7/2019,361
5/8/2019,348
5/9/2019,364
5/10/2019,352
5/11/2019,341
5/12/2019,337
5/13/2019,387
5/14/2019,308
5/15/2019,306
5/16/2019,338
5/17/2019,338
5/18/2019,343
5/19/2019,270
5/20/2019,330
5/21/2019,327
5/22/2019,308
5/23/2019,334
5/24/2019,316
5/25/2019,321
5/26/2019,347
5/27/2019,344
5/28/2019,357
5/29/2019,307
5/30/2019,244
5/31/2019,272
6/1/2019,243
6/2/2019,306
6/3/2019,310
6/4/2019,370
6/5/2019,328
6/6/2019,398
6/7/2019,298
6/8/2019,287
6/9/2019,309
6/10/2019,330
6/11/2019,280
6/12/2019,337
6/13/2019,352
6/14/2019,350
6/15/2019,413
6/16/2019,337
6/17/2019,326
6/18/2019,313
6/19/2019,287
6/20/2019,269
6/21/2019,280
6/22/2019,275
6/23/2019,277
6/24/2019,249
6/25/2019,236
6/26/2019,228
6/27/2019,253
6/28/2019,305
6/29/2019,384
6/30/2019,287
7/1/2019,324
7/2/2019,322
7/3/2019,295
7/4/2019,294
7/5/2019,308
7/6/2019,298
7/7/2019,364
7/8/2019,299
7/9/2019,350
7/10/2019,300
7/11/2019,292
7/12/2019,266
7/13/2019,319
7/14/2019,248
7/15/2019,278
7/16/2019,350
7/17/2019,350
7/18/2019,292
7/19/2019,290
7/20/2019,271
7/21/2019,248
7/22/2019,286
7/23/2019,298
7/24/2019,271
7/25/2019,278
7/26/2019,311
7/27/2019,412
7/28/2019,309
7/29/2019,341
7/30/2019,256
7/31/2019,296
8/1/2019,297
8/2/2019,307
8/3/2019,290
8/4/2019,322
8/5/2019,304
8/6/2019,284
8/7/2019,286
8/8/2019,330
8/9/2019,292
8/10/2019,310
8/11/2019,282
8/12/2019,278
8/13/2019,284
8/14/2019,290
8/15/2019,281
8/16/2019,291
8/17/2019,450
8/18/2019,303
8/19/2019,277
8/20/2019,323
8/21/2019,303
8/22/2019,286
8/23/2019,290
8/24/2019,287
8/25/2019,260
8/26/2019,286
8/27/2019,299
8/28/2019,293
8/29/2019,372
8/30/2019,312
8/31/2019,321
9/1/2019,277
9/2/2019,310
9/3/2019,306
9/4/2019,301
9/5/2019,346
9/6/2019,299
9/7/2019,402
9/8/2019,298
9/9/2019,349
9/10/2019,343
9/11/2019,303
9/12/2019,280
9/13/2019,318
9/14/2019,371
9/15/2019,324
9/16/2019,317
9/17/2019,329
9/18/2019,305
9/19/2019,303
9/20/2019,343
9/21/2019,295
9/22/2019,295
9/23/2019,316
9/24/2019,278
9/25/2019,309
9/26/2019,271
9/27/2019,355
9/28/2019,359
9/29/2019,330
9/30/2019,310
10/1/2019,290
10/2/2019,309
10/3/2019,349
10/4/2019,311
10/5/2019,292
10/6/2019,329
10/7/2019,343
10/8/2019,326
10/9/2019,348
10/10/2019,407
10/11/2019,324
10/12/2019,308
10/13/2019,367
10/14/2019,298
10/15/2019,293
10/16/2019,351
10/17/2019,350
10/18/2019,313
10/19/2019,323
10/20/2019,314
10/21/2019,345
10/22/2019,329
10/23/2019,364
10/24/2019,340
10/25/2019,327
10/26/2019,343
10/27/2019,320
10/28/2019,362
10/29/2019,302
10/30/2019,321
10/31/2019,322
11/1/2019,321
11/2/2019,347
11/3/2019,371
11/4/2019,444
11/5/2019,406
11/6/2019,344
11/7/2019,308
11/8/2019,313
11/9/2019,337
11/10/2019,350
11/11/2019,352
11/12/2019,365
11/13/2019,356
11/14/2019,362
11/15/2019,411
11/16/2019,334
11/17/2019,402
11/18/2019,419
11/19/2019,354
11/20/2019,381
11/21/2019,457
11/22/2019,421
11/23/2019,368
11/24/2019,348
11/25/2019,357
11/26/2019,360
11/27/2019,417
11/28/2019,396
11/29/2019,403
11/30/2019,398
12/1/2019,362
12/2/2019,388
12/3/2019,321
12/4/2019,379
12/5/2019,442
12/6/2019,493
12/7/2019,361
12/8/2019,409
12/9/2019,386
12/10/2019,371
12/11/2019,400
12/12/2019,531
12/13/2019,338
12/14/2019,355
12/15/2019,380
12/16/2019,516
12/17/2019,420
12/18/2019,357
12/19/2019,342
12/20/2019,340
12/21/2019,357
12/22/2019,423
12/23/2019,403
12/24/2019,404
12/25/2019,350
12/26/2019,342
12/27/2019,357
12/28/2019,392
12/29/2019,354
12/30/2019,411
12/31/2019,387
1/1/2020,404
1/2/2020,394
1/3/2020,391
1/4/2020,408
1/5/2020,419
1/6/2020,401
1/7/2020,423
1/8/2020,437
1/9/2020,487
1/10/2020,454
1/11/2020,405
1/12/2020,415
1/13/2020,401
1/14/2020,361
1/15/2020,371
1/16/2020,505
1/17/2020,429
1/18/2020,408
1/19/2020,385
1/20/2020,425
1/21/2020,397
1/22/2020,460
1/23/2020,476
1/24/2020,434
1/25/2020,418
1/26/2020,423
1/27/2020,388
1/28/2020,422
1/29/2020,415
1/30/2020,380
1/31/2020,407
2/1/2020,454
2/2/2020,470
2/3/2020,400
2/4/2020,391
2/5/2020,386
2/6/2020,425
2/7/2020,416
2/8/2020,437
2/9/2020,421
2/10/2020,408
2/11/2020,381
2/12/2020,391
2/13/2020,431
2/14/2020,416
2/15/2020,444
2/16/2020,380
2/17/2020,465
2/18/2020,395
2/19/2020,418
2/20/2020,457
2/21/2020,420
2/22/2020,399
2/23/2020,421
2/24/2020,427
2/25/2020,435
2/26/2020,450
2/27/2020,445
2/28/2020,500
2/29/2020,440
3/1/2020,452
3/2/2020,486
3/3/2020,460
3/4/2020,454
3/5/2020,358
3/6/2020,383
3/7/2020,405
3/8/2020,501
3/9/2020,459
3/10/2020,358
3/11/2020,366
3/12/2020,397
3/13/2020,373
3/14/2020,369
3/15/2020,404
3/16/2020,432
3/17/2020,390
3/18/2020,386
3/19/2020,394
3/20/2020,411
3/21/2020,498
3/22/2020,428
3/23/2020,447
3/24/2020,456
3/25/2020,407
3/26/2020,363
3/27/2020,368
3/28/2020,380
3/29/2020,401
3/30/2020,471
3/31/2020,642
4/1/2020,387
4/2/2020,392
4/3/2020,425
4/4/2020,416
4/5/2020,399
4/6/2020,445
4/7/2020,400
4/8/2020,445
4/9/2020,422
4/10/2020,447
4/11/2020,409
4/12/2020,349
4/13/2020,356
4/14/2020,378
4/15/2020,379
4/16/2020,437
4/17/2020,386
4/18/2020,406
4/19/2020,408
4/20/2020,371
4/21/2020,385
4/22/2020,393
4/23/2020,370
4/24/2020,353
4/25/2020,350
4/26/2020,377
4/27/2020,349
4/28/2020,395
4/29/2020,399
4/30/2020,379
5/1/2020,410
5/2/2020,414
5/3/2020,418
5/4/2020,328
5/5/2020,305
5/6/2020,333
5/7/2020,384
5/8/2020,369
5/9/2020,523
5/10/2020,367
5/11/2020,369
5/12/2020,352
5/13/2020,361
5/14/2020,395
5/15/2020,341
5/16/2020,345
5/17/2020,339
5/18/2020,384
5/19/2020,406
5/20/2020,462
5/21/2020,468
5/22/2020,356
5/23/2020,371
5/24/2020,339
5/25/2020,310
5/26/2020,303
5/27/2020,312
5/28/2020,352
5/29/2020,393
5/30/2020,347
5/31/2020,337
6/1/2020,341
6/2/2020,415
6/3/2020,325
6/4/2020,348
6/5/2020,319
6/6/2020,401
6/7/2020,362
6/8/2020,325
6/9/2020,321
6/10/2020,367
6/11/2020,313
6/12/2020,292
6/13/2020,314
6/14/2020,355
6/15/2020,336
6/16/2020,331
6/17/2020,382
6/18/2020,342
6/19/2020,330
6/20/2020,361
6/21/2020,336
6/22/2020,347
6/23/2020,307
6/24/2020,359
6/25/2020,302
6/26/2020,306
6/27/2020,356
6/28/2020,346
6/29/2020,336
6/30/2020,388
7/1/2020,353
7/2/2020,340
7/3/2020,307
7/4/2020,390
7/5/2020,359
7/6/2020,358
7/7/2020,349
7/8/2020,316
7/9/2020,307
7/10/2020,327
7/11/2020,360
7/12/2020,352
7/13/2020,363
7/14/2020,348
7/15/2020,362
7/16/2020,331
7/17/2020,453
7/18/2020,430
7/19/2020,357
7/20/2020,350
7/21/2020,402
7/22/2020,345
7/23/2020,318
7/24/2020,340
7/25/2020,327
7/26/2020,407
7/27/2020,313
7/28/2020,325
7/29/2020,323
7/30/2020,358
7/31/2020,311
8/1/2020,373
8/2/2020,362
8/3/2020,385
8/4/2020,401
8/5/2020,350
8/6/2020,329
8/7/2020,323
8/8/2020,318
8/9/2020,407
8/10/2020,340
8/11/2020,349
8/12/2020,338
8/13/2020,336
8/14/2020,327
8/15/2020,354
8/16/2020,417
8/17/2020,362
8/18/2020,350
8/19/2020,313
8/20/2020,317
8/21/2020,371
8/22/2020,333
8/23/2020,436
8/24/2020,355
8/25/2020,311
8/26/2020,387
8/27/2020,485
8/28/2020,336
8/29/2020,321
8/30/2020,357
8/31/2020,415
9/1/2020,356
9/2/2020,367
9/3/2020,357
9/4/2020,333
9/5/2020,305
9/6/2020,381
9/7/2020,389
9/8/2020,699
9/9/2020,385
9/10/2020,355
9/11/2020,401
9/12/2020,362
9/13/2020,388
9/14/2020,300
9/15/2020,327
9/16/2020,371
9/17/2020,415
9/18/2020,357
9/19/2020,376
9/20/2020,309
9/21/2020,364
9/22/2020,470
9/23/2020,498
9/24/2020,308
9/25/2020,382
9/26/2020,340
9/27/2020,359
9/28/2020,375
9/29/2020,358
9/30/2020,350
10/1/2020,424
10/2/2020,464
10/3/2020,343
10/4/2020,350
10/5/2020,316
10/6/2020,361
10/7/2020,349
10/8/2020,367
10/9/2020,374
10/10/2020,326
10/11/2020,332
10/12/2020,428
10/13/2020,405
10/14/2020,357
10/15/2020,439
10/16/2020,363
10/17/2020,321
10/18/2020,365
10/19/2020,347
10/20/2020,439
10/21/2020,380
10/22/2020,370
10/23/2020,396
10/24/2020,394
10/25/2020,448
10/26/2020,388
10/27/2020,405
10/28/2020,410
10/29/2020,407
10/30/2020,366
10/31/2020,457
11/1/2020,366
11/2/2020,387
11/3/2020,449
11/4/2020,441
11/5/2020,415
11/6/2020,386
11/7/2020,385
11/8/2020,374
11/9/2020,382
11/10/2020,392
11/11/2020,404
11/12/2020,384
11/13/2020,375
11/14/2020,415
11/15/2020,364
11/16/2020,349
11/17/2020,343
11/18/2020,410
11/19/2020,380
11/20/2020,369
11/21/2020,363
11/22/2020,410
11/23/2020,407
11/24/2020,418
11/25/2020,401
11/26/2020,401
11/27/2020,382
11/28/2020,392
11/29/2020,469
11/30/2020,421
12/1/2020,455
12/2/2020,463
12/3/2020,461
12/4/2020,449
12/5/2020,406
12/6/2020,399
12/7/2020,369
12/8/2020,442
12/9/2020,393
12/10/2020,369
12/11/2020,376
12/12/2020,432
12/13/2020,385
12/14/2020,393
12/15/2020,455
12/16/2020,399
12/17/2020,403
12/18/2020,379
12/19/2020,380
12/20/2020,433
12/21/2020,364
12/22/2020,403
12/23/2020,394
12/24/2020,392
12/25/2020,389
12/26/2020,413
12/27/2020,405
12/28/2020,388
