Date,Sales
01-01-11,208
01-02-11,240
01-03-11,206
01-04-11,190
01-05-11,228
01-06-11,235
01-07-11,208
01-08-11,229
01-09-11,259
01-10-11,209
01-11-11,196
01-12-11,214
1/13/2011,232
1/14/2011,218
1/15/2011,259
1/16/2011,248
1/17/2011,257
1/18/2011,274
1/19/2011,234
1/20/2011,184
1/21/2011,244
1/22/2011,205
1/23/2011,200
1/24/2011,188
1/25/2011,224
1/26/2011,243
1/27/2011,235
1/28/2011,221
1/29/2011,232
1/30/2011,202
1/31/2011,206
02-01-11,209
02-02-11,199
02-03-11,242
02-04-11,217
02-05-11,226
02-06-11,204
02-07-11,182
02-08-11,216
02-09-11,262
02-10-11,217
02-11-11,217
02-12-11,190
2/13/2011,236
2/14/2011,266
2/15/2011,253
2/16/2011,254
2/17/2011,236
2/18/2011,226
2/19/2011,199
2/20/2011,206
2/21/2011,236
2/22/2011,262
2/23/2011,263
2/24/2011,182
2/25/2011,213
2/26/2011,230
2/27/2011,215
2/28/2011,252
03-01-11,238
03-02-11,226
03-03-11,223
03-04-11,233
03-05-11,212
03-06-11,203
03-07-11,238
03-08-11,209
03-09-11,204
03-10-11,182
03-11-11,212
03-12-11,209
3/13/2011,201
3/14/2011,182
3/15/2011,159
3/16/2011,205
3/17/2011,188
3/18/2011,175
3/19/2011,254
3/20/2011,189
3/21/2011,166
3/22/2011,163
3/23/2011,180
3/24/2011,179
3/25/2011,158
3/26/2011,210
3/27/2011,180
3/28/2011,217
3/29/2011,227
3/30/2011,205
3/31/2011,212
04-01-11,241
04-02-11,222
04-03-11,247
04-04-11,218
04-05-11,204
04-06-11,222
04-07-11,187
04-08-11,215
04-09-11,218
04-10-11,207
04-11-11,164
04-12-11,205
4/13/2011,179
4/14/2011,196
4/15/2011,207
4/16/2011,242
4/17/2011,209
4/18/2011,174
4/19/2011,196
4/20/2011,233
4/21/2011,193
4/22/2011,208
4/23/2011,204
4/24/2011,169
4/25/2011,193
4/26/2011,185
4/27/2011,179
4/28/2011,198
4/29/2011,238
4/30/2011,143
05-01-11,191
05-02-11,180
05-03-11,212
05-04-11,189
05-05-11,193
05-06-11,184
05-07-11,201
05-08-11,207
05-09-11,171
05-10-11,193
05-11-11,200
05-12-11,206
5/13/2011,179
5/14/2011,153
5/15/2011,152
5/16/2011,204
5/17/2011,203
5/18/2011,163
5/19/2011,161
5/20/2011,139
5/21/2011,152
5/22/2011,150
5/23/2011,192
5/24/2011,221
5/25/2011,205
5/26/2011,171
5/27/2011,174
5/28/2011,168
5/29/2011,189
5/30/2011,212
5/31/2011,219
06-01-11,181
06-02-11,165
06-03-11,169
06-04-11,203
06-05-11,151
06-06-11,215
06-07-11,164
06-08-11,145
06-09-11,180
06-10-11,171
06-11-11,170
06-12-11,188
6/13/2011,192
6/14/2011,179
6/15/2011,154
6/16/2011,146
6/17/2011,127
6/18/2011,162
6/19/2011,204
6/20/2011,161
6/21/2011,168
6/22/2011,188
6/23/2011,178
6/24/2011,151
6/25/2011,188
6/26/2011,149
6/27/2011,193
6/28/2011,192
6/29/2011,223
6/30/2011,213
07-01-11,159
07-02-11,184
07-03-11,167
07-04-11,141
07-05-11,177
07-06-11,189
07-07-11,142
07-08-11,154
07-09-11,218
07-10-11,209
07-11-11,172
07-12-11,172
7/13/2011,150
7/14/2011,182
7/15/2011,189
7/16/2011,146
7/17/2011,199
7/18/2011,160
7/19/2011,149
7/20/2011,166
7/21/2011,198
7/22/2011,175
7/23/2011,186
7/24/2011,191
7/25/2011,198
7/26/2011,178
7/27/2011,161
7/28/2011,166
7/29/2011,193
7/30/2011,127
7/31/2011,153
08-01-11,185
08-02-11,153
08-03-11,154
08-04-11,222
08-05-11,147
08-06-11,194
08-07-11,174
08-08-11,149
08-09-11,141
08-10-11,158
08-11-11,163
08-12-11,179
8/13/2011,190
8/14/2011,176
8/15/2011,181
8/16/2011,178
8/17/2011,184
8/18/2011,168
8/19/2011,194
8/20/2011,198
8/21/2011,187
8/22/2011,170
8/23/2011,132
8/24/2011,198
8/25/2011,214
8/26/2011,227
8/27/2011,158
8/28/2011,132
8/29/2011,156
8/30/2011,137
8/31/2011,189
09-01-11,166
09-02-11,173
09-03-11,196
09-04-11,173
09-05-11,199
09-06-11,164
09-07-11,165
09-08-11,211
09-09-11,194
09-10-11,162
09-11-11,222
09-12-11,164
9/13/2011,204
9/14/2011,249
9/15/2011,170
9/16/2011,181
9/17/2011,208
9/18/2011,190
9/19/2011,167
9/20/2011,168
9/21/2011,169
9/22/2011,192
9/23/2011,204
9/24/2011,186
9/25/2011,187
9/26/2011,167
9/27/2011,155
9/28/2011,190
9/29/2011,193
9/30/2011,198
10-01-11,188
10-02-11,206
10-03-11,179
10-04-11,144
10-05-11,202
10-06-11,197
10-07-11,223
10-08-11,185
10-09-11,183
10-10-11,172
10-11-11,161
10-12-11,179
10/13/2011,193
10/14/2011,181
10/15/2011,195
10/16/2011,199
10/17/2011,180
10/18/2011,229
10/19/2011,168
10/20/2011,173
10/21/2011,235
10/22/2011,198
10/23/2011,216
10/24/2011,181
10/25/2011,177
10/26/2011,174
10/27/2011,211
10/28/2011,170
10/29/2011,165
10/30/2011,212
10/31/2011,166
11-01-11,188
11-02-11,185
11-03-11,199
11-04-11,203
11-05-11,169
11-06-11,248
11-07-11,154
11-08-11,181
11-09-11,260
11-10-11,201
11-11-11,166
11-12-11,214
11/13/2011,177
11/14/2011,189
11/15/2011,197
11/16/2011,154
11/17/2011,229
11/18/2011,175
11/19/2011,188
11/20/2011,259
11/21/2011,173
11/22/2011,196
11/23/2011,210
11/24/2011,216
11/25/2011,192
11/26/2011,237
11/27/2011,170
11/28/2011,205
11/29/2011,227
11/30/2011,173
12-01-11,231
12-02-11,165
12-03-11,184
12-04-11,169
12-05-11,198
12-06-11,226
12-07-11,191
12-08-11,229
12-09-11,206
12-10-11,195
12-11-11,183
12-12-11,224
12/13/2011,202
12/14/2011,177
12/15/2011,208
12/16/2011,189
12/17/2011,197
12/18/2011,205
12/19/2011,209
12/20/2011,188
12/21/2011,196
12/22/2011,230
12/23/2011,211
12/24/2011,224
12/25/2011,185
12/26/2011,223
12/27/2011,207
12/28/2011,186
12/29/2011,200
12/30/2011,222
12/31/2011,233
01-01-12,210
01-02-12,237
01-03-12,219
01-04-12,196
01-05-12,202
01-06-12,203
01-07-12,269
01-08-12,211
01-09-12,228
01-10-12,274
01-11-12,233
01-12-12,232
1/13/2012,207
1/14/2012,219
1/15/2012,219
1/16/2012,224
1/17/2012,268
1/18/2012,240
1/19/2012,236
1/20/2012,251
1/21/2012,219
1/22/2012,213
1/23/2012,208
1/24/2012,196
1/25/2012,202
1/26/2012,176
1/27/2012,239
1/28/2012,184
1/29/2012,198
1/30/2012,222
1/31/2012,185
02-01-12,210
02-02-12,204
02-03-12,196
02-04-12,209
02-05-12,203
02-06-12,193
02-07-12,224
02-08-12,262
02-09-12,206
02-10-12,240
02-11-12,196
02-12-12,220
2/13/2012,222
2/14/2012,247
2/15/2012,272
2/16/2012,214
2/17/2012,203
2/18/2012,200
2/19/2012,210
2/20/2012,225
2/21/2012,267
2/22/2012,196
2/23/2012,211
2/24/2012,178
2/25/2012,179
2/26/2012,224
2/27/2012,207
2/28/2012,196
2/29/2012,234
03-01-12,201
03-02-12,192
03-03-12,185
03-04-12,249
03-05-12,225
03-06-12,241
03-07-12,226
03-08-12,208
03-09-12,181
03-10-12,186
03-11-12,199
03-12-12,231
3/13/2012,231
3/14/2012,274
3/15/2012,238
3/16/2012,227
3/17/2012,184
3/18/2012,176
3/19/2012,200
3/20/2012,240
3/21/2012,232
3/22/2012,212
3/23/2012,201
3/24/2012,185
3/25/2012,237
3/26/2012,206
3/27/2012,191
3/28/2012,224
3/29/2012,250
3/30/2012,175
3/31/2012,225
04-01-12,186
04-02-12,229
04-03-12,194
04-04-12,183
04-05-12,172
04-06-12,207
04-07-12,214
04-08-12,205
04-09-12,199
04-10-12,203
04-11-12,203
04-12-12,192
4/13/2012,214
4/14/2012,224
4/15/2012,198
4/16/2012,238
4/17/2012,191
4/18/2012,197
4/19/2012,199
4/20/2012,147
4/21/2012,201
4/22/2012,217
4/23/2012,238
4/24/2012,226
4/25/2012,156
4/26/2012,199
4/27/2012,178
4/28/2012,219
4/29/2012,210
4/30/2012,161
05-01-12,141
05-02-12,194
05-03-12,239
05-04-12,188
05-05-12,206
05-06-12,168
05-07-12,153
05-08-12,174
05-09-12,194
05-10-12,192
05-11-12,214
05-12-12,195
5/13/2012,194
5/14/2012,158
5/15/2012,185
5/16/2012,177
5/17/2012,198
5/18/2012,257
5/19/2012,151
5/20/2012,182
5/21/2012,185
5/22/2012,169
5/23/2012,181
5/24/2012,187
5/25/2012,214
5/26/2012,218
5/27/2012,211
5/28/2012,263
5/29/2012,196
5/30/2012,174
5/31/2012,193
06-01-12,199
06-02-12,135
06-03-12,137
06-04-12,143
06-05-12,117
06-06-12,163
06-07-12,162
06-08-12,142
06-09-12,150
06-10-12,200
06-11-12,193
06-12-12,169
6/13/2012,186
6/14/2012,193
6/15/2012,181
6/16/2012,181
6/17/2012,199
6/18/2012,153
6/19/2012,146
6/20/2012,155
6/21/2012,180
6/22/2012,172
6/23/2012,156
6/24/2012,120
6/25/2012,118
6/26/2012,132
6/27/2012,189
6/28/2012,152
6/29/2012,177
6/30/2012,169
07-01-12,158
07-02-12,144
07-03-12,153
07-04-12,158
07-05-12,166
07-06-12,168
07-07-12,155
07-08-12,132
07-09-12,150
07-10-12,150
07-11-12,209
07-12-12,155
7/13/2012,156
7/14/2012,143
7/15/2012,153
7/16/2012,137
7/17/2012,175
7/18/2012,167
7/19/2012,135
7/20/2012,128
7/21/2012,198
7/22/2012,153
7/23/2012,187
7/24/2012,198
7/25/2012,169
7/26/2012,131
7/27/2012,180
7/28/2012,190
7/29/2012,140
7/30/2012,180
7/31/2012,178
08-01-12,217
08-02-12,169
08-03-12,151
08-04-12,137
08-05-12,213
08-06-12,148
08-07-12,129
08-08-12,141
08-09-12,207
08-10-12,176
08-11-12,177
08-12-12,178
8/13/2012,187
8/14/2012,184
8/15/2012,165
8/16/2012,176
8/17/2012,157
8/18/2012,177
8/19/2012,215
8/20/2012,220
8/21/2012,187
8/22/2012,176
8/23/2012,216
8/24/2012,210
8/25/2012,151
8/26/2012,214
8/27/2012,193
8/28/2012,197
8/29/2012,214
8/30/2012,200
8/31/2012,166
09-01-12,246
09-02-12,184
09-03-12,173
09-04-12,149
09-05-12,181
09-06-12,176
09-07-12,180
09-08-12,141
09-09-12,166
09-10-12,172
09-11-12,159
09-12-12,130
9/13/2012,168
9/14/2012,169
9/15/2012,202
9/16/2012,231
9/17/2012,177
9/18/2012,170
9/19/2012,175
9/20/2012,177
9/21/2012,184
9/22/2012,179
9/23/2012,163
9/24/2012,211
9/25/2012,189
9/26/2012,198
9/27/2012,213
9/28/2012,176
9/29/2012,170
9/30/2012,172
10-01-12,184
10-02-12,199
10-03-12,179
10-04-12,143
10-05-12,310
10-06-12,189
10-07-12,193
10-08-12,192
10-09-12,186
10-10-12,186
10-11-12,211
10-12-12,220
10/13/2012,196
10/14/2012,152
10/15/2012,205
10/16/2012,189
10/17/2012,139
10/18/2012,168
10/19/2012,175
10/20/2012,184
10/21/2012,196
10/22/2012,219
10/23/2012,176
10/24/2012,188
10/25/2012,211
10/26/2012,192
10/27/2012,167
10/28/2012,182
10/29/2012,189
10/30/2012,160
10/31/2012,178
11-01-12,194
11-02-12,185
11-03-12,218
11-04-12,201
11-05-12,212
11-06-12,225
11-07-12,172
11-08-12,198
11-09-12,201
11-10-12,233
11-11-12,172
11-12-12,193
11/13/2012,222
11/14/2012,239
11/15/2012,189
11/16/2012,209
11/17/2012,186
11/18/2012,181
11/19/2012,206
11/20/2012,174
11/21/2012,187
11/22/2012,224
11/23/2012,238
11/24/2012,237
11/25/2012,200
11/26/2012,187
11/27/2012,231
11/28/2012,264
11/29/2012,187
11/30/2012,226
12-01-12,171
12-02-12,184
12-03-12,192
12-04-12,188
12-05-12,203
12-06-12,171
12-07-12,179
12-08-12,184
12-09-12,217
12-10-12,238
12-11-12,203
12-12-12,206
12/13/2012,212
12/14/2012,214
12/15/2012,197
12/16/2012,228
12/17/2012,194
12/18/2012,197
12/19/2012,195
12/20/2012,169
12/21/2012,163
12/22/2012,234
12/23/2012,199
12/24/2012,216
12/25/2012,200
12/26/2012,199
12/27/2012,205
12/28/2012,189
12/29/2012,233
12/30/2012,214
12/31/2012,214
01-01-13,232
01-02-13,203
01-03-13,174
01-04-13,259
01-05-13,180
01-06-13,204
01-07-13,226
01-08-13,195
01-09-13,186
01-10-13,187
01-11-13,173
01-12-13,213
1/13/2013,228
1/14/2013,193
1/15/2013,214
1/16/2013,172
1/17/2013,184
1/18/2013,223
1/19/2013,226
1/20/2013,227
1/21/2013,184
1/22/2013,220
1/23/2013,234
1/24/2013,213
1/25/2013,259
1/26/2013,180
1/27/2013,187
1/28/2013,206
1/29/2013,213
1/30/2013,202
1/31/2013,249
02-01-13,280
02-02-13,193
02-03-13,228
02-04-13,233
02-05-13,233
02-06-13,230
02-07-13,250
02-08-13,229
02-09-13,234
02-10-13,202
02-11-13,223
02-12-13,174
2/13/2013,206
2/14/2013,203
2/15/2013,225
2/16/2013,225
2/17/2013,202
2/18/2013,221
2/19/2013,208
2/20/2013,233
2/21/2013,246
2/22/2013,206
2/23/2013,212
2/24/2013,227
2/25/2013,243
2/26/2013,248
2/27/2013,257
2/28/2013,217
03-01-13,256
03-02-13,221
03-03-13,251
03-04-13,245
03-05-13,193
03-06-13,261
03-07-13,225
03-08-13,209
03-09-13,231
03-10-13,189
03-11-13,266
03-12-13,211
3/13/2013,230
3/14/2013,238
3/15/2013,226
3/16/2013,205
3/17/2013,220
3/18/2013,240
3/19/2013,222
3/20/2013,214
3/21/2013,239
3/22/2013,198
3/23/2013,175
3/24/2013,202
3/25/2013,171
3/26/2013,217
3/27/2013,206
3/28/2013,194
3/29/2013,211
3/30/2013,215
3/31/2013,203
04-01-13,193
04-02-13,194
04-03-13,249
04-04-13,224
04-05-13,161
04-06-13,154
04-07-13,156
04-08-13,177
04-09-13,218
04-10-13,221
04-11-13,216
04-12-13,182
4/13/2013,232
4/14/2013,208
4/15/2013,148
4/16/2013,148
4/17/2013,194
4/18/2013,200
4/19/2013,185
4/20/2013,195
4/21/2013,193
4/22/2013,225
4/23/2013,212
4/24/2013,199
4/25/2013,182
4/26/2013,212
4/27/2013,196
4/28/2013,200
4/29/2013,187
4/30/2013,202
05-01-13,193
05-02-13,224
05-03-13,224
05-04-13,198
05-05-13,220
05-06-13,243
05-07-13,218
05-08-13,215
05-09-13,219
05-10-13,194
05-11-13,196
05-12-13,189
5/13/2013,210
5/14/2013,170
5/15/2013,175
5/16/2013,171
5/17/2013,190
5/18/2013,166
5/19/2013,184
5/20/2013,169
5/21/2013,187
5/22/2013,193
5/23/2013,210
5/24/2013,176
5/25/2013,174
5/26/2013,189
5/27/2013,217
5/28/2013,163
5/29/2013,228
5/30/2013,238
5/31/2013,209
06-01-13,193
06-02-13,164
06-03-13,171
06-04-13,152
06-05-13,177
06-06-13,166
06-07-13,159
06-08-13,185
06-09-13,165
06-10-13,203
06-11-13,175
06-12-13,177
6/13/2013,171
6/14/2013,177
6/15/2013,162
6/16/2013,162
6/17/2013,166
6/18/2013,152
6/19/2013,225
6/20/2013,206
6/21/2013,173
6/22/2013,169
6/23/2013,164
6/24/2013,194
6/25/2013,147
6/26/2013,179
6/27/2013,183
6/28/2013,176
6/29/2013,202
6/30/2013,189
07-01-13,202
07-02-13,191
07-03-13,186
07-04-13,163
07-05-13,197
07-06-13,180
07-07-13,188
07-08-13,160
07-09-13,155
07-10-13,180
07-11-13,182
07-12-13,186
7/13/2013,194
7/14/2013,173
7/15/2013,190
7/16/2013,141
7/17/2013,160
7/18/2013,187
7/19/2013,184
7/20/2013,162
7/21/2013,166
7/22/2013,155
7/23/2013,182
7/24/2013,161
7/25/2013,156
7/26/2013,258
7/27/2013,165
7/28/2013,217
7/29/2013,216
7/30/2013,213
7/31/2013,163
08-01-13,198
08-02-13,187
08-03-13,171
08-04-13,160
08-05-13,148
08-06-13,162
08-07-13,202
08-08-13,176
08-09-13,177
08-10-13,180
08-11-13,194
08-12-13,165
8/13/2013,156
8/14/2013,224
8/15/2013,196
8/16/2013,192
8/17/2013,213
8/18/2013,147
8/19/2013,183
8/20/2013,213
8/21/2013,173
8/22/2013,222
8/23/2013,163
8/24/2013,233
8/25/2013,213
8/26/2013,160
8/27/2013,188
8/28/2013,201
8/29/2013,166
8/30/2013,195
8/31/2013,234
09-01-13,186
09-02-13,201
09-03-13,168
09-04-13,200
09-05-13,241
09-06-13,207
09-07-13,190
09-08-13,185
09-09-13,173
09-10-13,183
09-11-13,145
09-12-13,205
9/13/2013,172
9/14/2013,142
9/15/2013,136
9/16/2013,182
9/17/2013,151
9/18/2013,198
9/19/2013,223
9/20/2013,179
9/21/2013,203
9/22/2013,203
9/23/2013,164
9/24/2013,191
9/25/2013,165
9/26/2013,221
9/27/2013,211
9/28/2013,179
9/29/2013,162
9/30/2013,199
10-01-13,180
10-02-13,149
10-03-13,164
10-04-13,178
10-05-13,159
10-06-13,157
10-07-13,209
10-08-13,190
10-09-13,196
10-10-13,160
10-11-13,197
10-12-13,235
10/13/2013,238
10/14/2013,189
10/15/2013,220
10/16/2013,204
10/17/2013,195
10/18/2013,209
10/19/2013,210
10/20/2013,192
10/21/2013,162
10/22/2013,204
10/23/2013,208
10/24/2013,219
10/25/2013,201
10/26/2013,208
10/27/2013,200
10/28/2013,175
10/29/2013,187
10/30/2013,162
10/31/2013,208
11-01-13,220
11-02-13,205
11-03-13,186
11-04-13,190
11-05-13,198
11-06-13,200
11-07-13,201
11-08-13,168
11-09-13,182
11-10-13,224
11-11-13,191
11-12-13,214
11/13/2013,220
11/14/2013,201
11/15/2013,183
11/16/2013,161
11/17/2013,191
11/18/2013,186
11/19/2013,166
11/20/2013,206
11/21/2013,236
11/22/2013,229
11/23/2013,227
11/24/2013,251
11/25/2013,217
11/26/2013,269
11/27/2013,196
11/28/2013,199
11/29/2013,210
11/30/2013,180
12-01-13,173
12-02-13,225
12-03-13,220
12-04-13,199
12-05-13,196
12-06-13,210
12-07-13,182
12-08-13,191
12-09-13,209
12-10-13,217
12-11-13,212
12-12-13,192
12/13/2013,216
12/14/2013,186
12/15/2013,190
12/16/2013,227
12/17/2013,187
12/18/2013,245
12/19/2013,233
12/20/2013,217
12/21/2013,217
12/22/2013,226
12/23/2013,211
12/24/2013,205
12/25/2013,203
12/26/2013,205
12/27/2013,197
12/28/2013,225
12/29/2013,243
12/30/2013,212
12/31/2013,238
01-01-14,212
01-02-14,249
01-03-14,204
01-04-14,202
01-05-14,201
01-06-14,252
01-07-14,196
01-08-14,198
01-09-14,239
01-10-14,203
01-11-14,228
01-12-14,245
1/13/2014,228
1/14/2014,219
1/15/2014,242
1/16/2014,206
1/17/2014,203
1/18/2014,211
1/19/2014,224
1/20/2014,261
1/21/2014,179
1/22/2014,191
1/23/2014,217
1/24/2014,248
1/25/2014,245
1/26/2014,226
1/27/2014,216
1/28/2014,249
1/29/2014,192
1/30/2014,187
1/31/2014,202
02-01-14,245
02-02-14,186
02-03-14,198
02-04-14,208
02-05-14,243
02-06-14,255
02-07-14,219
02-08-14,209
02-09-14,198
02-10-14,237
02-11-14,224
02-12-14,218
2/13/2014,186
2/14/2014,199
2/15/2014,219
2/16/2014,238
2/17/2014,214
2/18/2014,243
2/19/2014,228
2/20/2014,229
2/21/2014,259
2/22/2014,234
2/23/2014,241
2/24/2014,239
2/25/2014,178
2/26/2014,238
2/27/2014,210
2/28/2014,204
03-01-14,193
03-02-14,207
03-03-14,240
03-04-14,209
03-05-14,224
03-06-14,244
03-07-14,210
03-08-14,225
03-09-14,203
03-10-14,207
03-11-14,171
03-12-14,245
3/13/2014,187
3/14/2014,193
3/15/2014,200
3/16/2014,220
3/17/2014,218
3/18/2014,190
3/19/2014,214
3/20/2014,203
3/21/2014,186
3/22/2014,202
3/23/2014,261
3/24/2014,215
3/25/2014,166
3/26/2014,170
3/27/2014,173
3/28/2014,164
3/29/2014,210
3/30/2014,201
3/31/2014,185
04-01-14,167
04-02-14,187
04-03-14,169
04-04-14,174
04-05-14,210
04-06-14,188
04-07-14,234
04-08-14,195
04-09-14,166
04-10-14,200
04-11-14,218
04-12-14,201
4/13/2014,171
4/14/2014,204
4/15/2014,217
4/16/2014,199
4/17/2014,232
4/18/2014,215
4/19/2014,205
4/20/2014,226
4/21/2014,173
4/22/2014,219
4/23/2014,169
4/24/2014,190
4/25/2014,178
4/26/2014,213
4/27/2014,203
4/28/2014,226
4/29/2014,200
4/30/2014,192
05-01-14,201
05-02-14,191
05-03-14,215
05-04-14,154
05-05-14,139
05-06-14,172
05-07-14,196
05-08-14,161
05-09-14,170
05-10-14,202
05-11-14,219
05-12-14,161
5/13/2014,193
5/14/2014,170
5/15/2014,173
5/16/2014,184
5/17/2014,197
5/18/2014,179
5/19/2014,210
5/20/2014,196
5/21/2014,211
5/22/2014,221
5/23/2014,201
5/24/2014,176
5/25/2014,201
5/26/2014,207
5/27/2014,173
5/28/2014,187
5/29/2014,178
5/30/2014,201
5/31/2014,159
06-01-14,209
06-02-14,187
06-03-14,178
06-04-14,173
06-05-14,190
06-06-14,202
06-07-14,235
06-08-14,188
06-09-14,208
06-10-14,147
06-11-14,183
06-12-14,180
6/13/2014,140
6/14/2014,163
6/15/2014,179
6/16/2014,172
6/17/2014,157
6/18/2014,210
6/19/2014,179
6/20/2014,155
6/21/2014,178
6/22/2014,190
6/23/2014,189
6/24/2014,176
6/25/2014,239
6/26/2014,193
6/27/2014,181
6/28/2014,204
6/29/2014,174
6/30/2014,191
07-01-14,166
07-02-14,141
07-03-14,182
07-04-14,149
07-05-14,174
07-06-14,149
07-07-14,157
07-08-14,173
07-09-14,226
07-10-14,192
07-11-14,309
07-12-14,189
7/13/2014,122
7/14/2014,143
7/15/2014,143
7/16/2014,166
7/17/2014,170
7/18/2014,162
7/19/2014,160
7/20/2014,150
7/21/2014,153
7/22/2014,192
7/23/2014,195
7/24/2014,170
7/25/2014,160
7/26/2014,153
7/27/2014,148
7/28/2014,191
7/29/2014,189
7/30/2014,209
7/31/2014,172
08-01-14,208
08-02-14,172
08-03-14,197
08-04-14,185
08-05-14,175
08-06-14,182
08-07-14,205
08-08-14,204
08-09-14,208
08-10-14,198
08-11-14,183
08-12-14,189
8/13/2014,198
8/14/2014,189
8/15/2014,152
8/16/2014,190
8/17/2014,180
8/18/2014,159
8/19/2014,198
8/20/2014,195
8/21/2014,167
8/22/2014,156
8/23/2014,191
8/24/2014,177
8/25/2014,210
8/26/2014,180
8/27/2014,187
8/28/2014,181
8/29/2014,149
8/30/2014,180
8/31/2014,206
09-01-14,174
09-02-14,241
09-03-14,207
09-04-14,165
09-05-14,157
09-06-14,160
09-07-14,172
09-08-14,204
09-09-14,178
09-10-14,194
09-11-14,168
09-12-14,161
9/13/2014,190
9/14/2014,183
9/15/2014,209
9/16/2014,207
9/17/2014,186
9/18/2014,183
9/19/2014,170
9/20/2014,185
9/21/2014,160
9/22/2014,160
9/23/2014,173
9/24/2014,170
9/25/2014,201
9/26/2014,201
9/27/2014,202
9/28/2014,147
9/29/2014,178
9/30/2014,147
10-01-14,217
10-02-14,203
10-03-14,202
10-04-14,172
10-05-14,162
10-06-14,159
10-07-14,201
10-08-14,231
10-09-14,193
10-10-14,189
10-11-14,214
10-12-14,255
10/13/2014,178
10/14/2014,171
10/15/2014,153
10/16/2014,190
10/17/2014,175
10/18/2014,198
10/19/2014,197
10/20/2014,186
10/21/2014,154
10/22/2014,169
10/23/2014,233
10/24/2014,208
10/25/2014,235
10/26/2014,188
10/27/2014,219
10/28/2014,218
10/29/2014,204
10/30/2014,194
10/31/2014,258
11-01-14,200
11-02-14,179
11-03-14,191
11-04-14,212
11-05-14,171
11-06-14,179
11-07-14,214
11-08-14,202
11-09-14,216
11-10-14,225
11-11-14,228
11-12-14,200
11/13/2014,203
11/14/2014,196
11/15/2014,195
11/16/2014,209
11/17/2014,194
11/18/2014,230
11/19/2014,195
11/20/2014,228
11/21/2014,201
11/22/2014,161
11/23/2014,194
11/24/2014,170
11/25/2014,212
11/26/2014,286
11/27/2014,174
11/28/2014,193
11/29/2014,183
11/30/2014,199
12-01-14,211
12-02-14,227
12-03-14,169
12-04-14,207
12-05-14,203
12-06-14,207
12-07-14,199
12-08-14,177
12-09-14,194
12-10-14,227
12-11-14,183
12-12-14,206
12/13/2014,216
12/14/2014,218
12/15/2014,236
12/16/2014,215
12/17/2014,221
12/18/2014,230
12/19/2014,185
12/20/2014,168
12/21/2014,214
12/22/2014,176
12/23/2014,195
12/24/2014,219
12/25/2014,223
12/26/2014,175
12/27/2014,197
12/28/2014,242
12/29/2014,238
12/30/2014,211
12/31/2014,210
01-01-15,226
01-02-15,205
01-03-15,210
01-04-15,213
01-05-15,222
01-06-15,216
01-07-15,220
01-08-15,246
01-09-15,203
01-10-15,233
01-11-15,202
01-12-15,224
1/13/2015,247
1/14/2015,223
1/15/2015,212
1/16/2015,180
1/17/2015,226
1/18/2015,218
1/19/2015,202
1/20/2015,199
1/21/2015,223
1/22/2015,219
1/23/2015,215
1/24/2015,225
1/25/2015,196
1/26/2015,205
1/27/2015,224
1/28/2015,239
1/29/2015,206
1/30/2015,214
1/31/2015,198
02-01-15,214
02-02-15,226
02-03-15,224
02-04-15,220
02-05-15,250
02-06-15,233
02-07-15,217
02-08-15,214
02-09-15,247
02-10-15,204
02-11-15,213
02-12-15,281
2/13/2015,209
2/14/2015,219
2/15/2015,216
2/16/2015,225
2/17/2015,201
2/18/2015,199
2/19/2015,204
2/20/2015,215
2/21/2015,242
2/22/2015,223
2/23/2015,175
2/24/2015,202
2/25/2015,235
2/26/2015,215
2/27/2015,219
2/28/2015,200
03-01-15,199
03-02-15,223
03-03-15,206
03-04-15,220
03-05-15,265
03-06-15,205
03-07-15,208
03-08-15,213
03-09-15,203
03-10-15,257
03-11-15,272
03-12-15,225
3/13/2015,274
3/14/2015,226
3/15/2015,222
3/16/2015,271
3/17/2015,204
3/18/2015,220
3/19/2015,231
3/20/2015,218
3/21/2015,241
3/22/2015,226
3/23/2015,235
3/24/2015,234
3/25/2015,267
3/26/2015,199
3/27/2015,187
3/28/2015,205
3/29/2015,219
3/30/2015,214
3/31/2015,211
04-01-15,234
04-02-15,255
04-03-15,222
04-04-15,258
04-05-15,216
04-06-15,202
04-07-15,226
04-08-15,246
04-09-15,218
04-10-15,228
04-11-15,263
04-12-15,226
4/13/2015,227
4/14/2015,236
4/15/2015,189
4/16/2015,201
4/17/2015,221
4/18/2015,234
4/19/2015,206
4/20/2015,165
4/21/2015,193
4/22/2015,161
4/23/2015,176
4/24/2015,198
4/25/2015,166
4/26/2015,198
4/27/2015,187
4/28/2015,260
4/29/2015,172
4/30/2015,209
05-01-15,224
05-02-15,180
05-03-15,217
05-04-15,273
05-05-15,240
05-06-15,223
05-07-15,194
05-08-15,201
05-09-15,204
05-10-15,217
05-11-15,205
05-12-15,167
5/13/2015,183
5/14/2015,193
5/15/2015,189
5/16/2015,154
5/17/2015,230
5/18/2015,178
5/19/2015,177
5/20/2015,219
5/21/2015,177
5/22/2015,164
5/23/2015,198
5/24/2015,155
5/25/2015,155
5/26/2015,186
5/27/2015,189
5/28/2015,269
5/29/2015,206
5/30/2015,219
5/31/2015,183
06-01-15,152
06-02-15,149
06-03-15,194
06-04-15,188
06-05-15,175
06-06-15,233
06-07-15,173
06-08-15,186
06-09-15,178
06-10-15,207
06-11-15,199
06-12-15,161
6/13/2015,192
6/14/2015,155
6/15/2015,211
6/16/2015,181
6/17/2015,205
6/18/2015,231
6/19/2015,185
6/20/2015,190
6/21/2015,188
6/22/2015,146
6/23/2015,141
6/24/2015,167
6/25/2015,179
6/26/2015,161
6/27/2015,184
6/28/2015,176
6/29/2015,209
6/30/2015,189
07-01-15,216
07-02-15,230
07-03-15,201
07-04-15,144
07-05-15,184
07-06-15,149
07-07-15,174
07-08-15,188
07-09-15,177
07-10-15,176
07-11-15,174
07-12-15,176
7/13/2015,208
7/14/2015,202
7/15/2015,151
7/16/2015,165
7/17/2015,165
7/18/2015,207
7/19/2015,144
7/20/2015,154
7/21/2015,220
7/22/2015,144
7/23/2015,162
7/24/2015,144
7/25/2015,196
7/26/2015,156
7/27/2015,146
7/28/2015,213
7/29/2015,184
7/30/2015,162
7/31/2015,155
08-01-15,181
08-02-15,192
08-03-15,173
08-04-15,180
08-05-15,175
08-06-15,212
08-07-15,217
08-08-15,163
08-09-15,165
08-10-15,153
08-11-15,182
08-12-15,154
8/13/2015,204
8/14/2015,182
8/15/2015,191
8/16/2015,228
8/17/2015,164
8/18/2015,183
8/19/2015,176
8/20/2015,175
8/21/2015,204
8/22/2015,209
8/23/2015,158
8/24/2015,198
8/25/2015,189
8/26/2015,208
8/27/2015,199
8/28/2015,182
8/29/2015,172
8/30/2015,202
8/31/2015,201
09-01-15,205
09-02-15,210
09-03-15,182
09-04-15,175
09-05-15,183
09-06-15,151
09-07-15,163
09-08-15,212
09-09-15,246
09-10-15,175
09-11-15,214
09-12-15,178
9/13/2015,215
9/14/2015,158
9/15/2015,161
9/16/2015,171
9/17/2015,162
9/18/2015,179
9/19/2015,207
9/20/2015,175
9/21/2015,226
9/22/2015,149
9/23/2015,219
9/24/2015,232
9/25/2015,178
9/26/2015,156
9/27/2015,194
9/28/2015,208
9/29/2015,168
9/30/2015,212
10-01-15,177
10-02-15,176
10-03-15,174
10-04-15,249
10-05-15,179
10-06-15,175
10-07-15,222
10-08-15,226
10-09-15,194
10-10-15,240
10-11-15,187
10-12-15,176
10/13/2015,186
10/14/2015,207
10/15/2015,240
10/16/2015,228
10/17/2015,220
10/18/2015,189
10/19/2015,189
10/20/2015,187
10/21/2015,186
10/22/2015,206
10/23/2015,193
10/24/2015,207
10/25/2015,181
10/26/2015,230
10/27/2015,189
10/28/2015,216
10/29/2015,214
10/30/2015,154
10/31/2015,216
11-01-15,248
11-02-15,213
11-03-15,233
11-04-15,237
11-05-15,223
11-06-15,232
11-07-15,260
11-08-15,201
11-09-15,229
11-10-15,205
11-11-15,197
11-12-15,258
11/13/2015,265
11/14/2015,207
11/15/2015,211
11/16/2015,200
11/17/2015,201
11/18/2015,174
11/19/2015,208
11/20/2015,225
11/21/2015,228
11/22/2015,213
11/23/2015,209
11/24/2015,216
11/25/2015,217
11/26/2015,199
11/27/2015,277
11/28/2015,198
11/29/2015,235
11/30/2015,261
12-01-15,242
12-02-15,230
12-03-15,244
12-04-15,235
12-05-15,246
12-06-15,238
12-07-15,271
12-08-15,251
12-09-15,195
12-10-15,233
12-11-15,222
12-12-15,221
12/13/2015,198
12/14/2015,228
12/15/2015,202
12/16/2015,196
12/17/2015,232
12/18/2015,193
12/19/2015,237
12/20/2015,222
12/21/2015,216
12/22/2015,181
12/23/2015,208
12/24/2015,195
12/25/2015,196
12/26/2015,224
12/27/2015,238
12/28/2015,198
12/29/2015,224
12/30/2015,199
12/31/2015,243
01-01-16,197
01-02-16,187
01-03-16,206
01-04-16,227
01-05-16,230
01-06-16,205
01-07-16,223
01-08-16,228
01-09-16,222
01-10-16,224
01-11-16,260
01-12-16,239
1/13/2016,222
1/14/2016,224
1/15/2016,222
1/16/2016,184
1/17/2016,225
1/18/2016,215
1/19/2016,213
1/20/2016,233
1/21/2016,211
1/22/2016,199
1/23/2016,230
1/24/2016,227
1/25/2016,226
1/26/2016,227
1/27/2016,191
1/28/2016,220
1/29/2016,246
1/30/2016,277
1/31/2016,243
02-01-16,206
02-02-16,204
02-03-16,199
02-04-16,230
02-05-16,204
02-06-16,228
02-07-16,210
02-08-16,215
02-09-16,207
02-10-16,249
02-11-16,212
02-12-16,201
2/13/2016,258
2/14/2016,297
2/15/2016,242
2/16/2016,211
2/17/2016,218
2/18/2016,216
2/19/2016,216
2/20/2016,203
2/21/2016,244
2/22/2016,200
2/23/2016,197
2/24/2016,194
2/25/2016,203
2/26/2016,251
2/27/2016,221
2/28/2016,253
2/29/2016,222
03-01-16,242
03-02-16,204
03-03-16,229
03-04-16,238
03-05-16,230
03-06-16,274
03-07-16,202
03-08-16,194
03-09-16,244
03-10-16,218
03-11-16,200
03-12-16,262
3/13/2016,255
3/14/2016,246
3/15/2016,225
3/16/2016,196
3/17/2016,270
3/18/2016,231
3/19/2016,220
3/20/2016,262
3/21/2016,206
3/22/2016,211
3/23/2016,233
3/24/2016,227
3/25/2016,222
3/26/2016,200
3/27/2016,234
3/28/2016,252
3/29/2016,202
3/30/2016,215
3/31/2016,194
04-01-16,202
04-02-16,266
04-03-16,192
04-04-16,196
04-05-16,222
04-06-16,204
04-07-16,242
04-08-16,169
04-09-16,226
04-10-16,224
04-11-16,175
04-12-16,197
4/13/2016,242
4/14/2016,229
4/15/2016,368
4/16/2016,221
4/17/2016,185
4/18/2016,216
4/19/2016,186
4/20/2016,207
4/21/2016,217
4/22/2016,224
4/23/2016,224
4/24/2016,161
4/25/2016,200
4/26/2016,166
4/27/2016,182
4/28/2016,175
4/29/2016,210
4/30/2016,209
05-01-16,188
05-02-16,211
05-03-16,197
05-04-16,164
05-05-16,193
05-06-16,222
05-07-16,227
05-08-16,209
05-09-16,195
05-10-16,176
05-11-16,198
05-12-16,213
5/13/2016,189
5/14/2016,211
5/15/2016,208
5/16/2016,180
5/17/2016,195
5/18/2016,204
5/19/2016,187
5/20/2016,185
5/21/2016,232
5/22/2016,212
5/23/2016,207
5/24/2016,167
5/25/2016,175
5/26/2016,197
5/27/2016,210
5/28/2016,211
5/29/2016,182
5/30/2016,206
5/31/2016,157
06-01-16,190
06-02-16,249
06-03-16,182
06-04-16,208
06-05-16,178
06-06-16,177
06-07-16,243
06-08-16,255
06-09-16,173
06-10-16,182
06-11-16,197
06-12-16,188
6/13/2016,156
6/14/2016,179
6/15/2016,205
6/16/2016,172
6/17/2016,186
6/18/2016,158
6/19/2016,165
6/20/2016,190
6/21/2016,201
6/22/2016,186
6/23/2016,187
6/24/2016,164
6/25/2016,174
6/26/2016,178
6/27/2016,163
6/28/2016,127
6/29/2016,161
6/30/2016,176
07-01-16,219
07-02-16,224
07-03-16,181
07-04-16,176
07-05-16,170
07-06-16,199
07-07-16,187
07-08-16,190
07-09-16,175
07-10-16,171
07-11-16,157
07-12-16,172
7/13/2016,192
7/14/2016,195
7/15/2016,183
7/16/2016,207
7/17/2016,199
7/18/2016,217
7/19/2016,178
7/20/2016,202
7/21/2016,231
7/22/2016,204
7/23/2016,148
7/24/2016,171
7/25/2016,189
7/26/2016,190
7/27/2016,162
7/28/2016,193
7/29/2016,211
7/30/2016,235
7/31/2016,196
08-01-16,164
08-02-16,180
08-03-16,223
08-04-16,174
08-05-16,235
08-06-16,139
08-07-16,179
08-08-16,137
08-09-16,154
08-10-16,168
08-11-16,138
08-12-16,225
8/13/2016,171
8/14/2016,213
8/15/2016,211
8/16/2016,181
8/17/2016,189
8/18/2016,171
8/19/2016,193
8/20/2016,194
8/21/2016,194
8/22/2016,198
8/23/2016,195
8/24/2016,187
8/25/2016,168
8/26/2016,215
8/27/2016,227
8/28/2016,186
8/29/2016,180
8/30/2016,178
8/31/2016,213
09-01-16,169
09-02-16,199
09-03-16,225
09-04-16,213
09-05-16,154
09-06-16,177
09-07-16,157
09-08-16,188
09-09-16,183
09-10-16,191
09-11-16,186
09-12-16,223
9/13/2016,178
9/14/2016,193
9/15/2016,224
9/16/2016,223
9/17/2016,188
9/18/2016,171
9/19/2016,255
9/20/2016,190
9/21/2016,204
9/22/2016,242
9/23/2016,197
9/24/2016,196
9/25/2016,198
9/26/2016,169
9/27/2016,171
9/28/2016,198
9/29/2016,212
9/30/2016,214
10-01-16,186
10-02-16,211
10-03-16,220
10-04-16,208
10-05-16,218
10-06-16,199
10-07-16,173
10-08-16,212
10-09-16,184
10-10-16,211
10-11-16,222
10-12-16,262
10/13/2016,179
10/14/2016,182
10/15/2016,168
10/16/2016,226
10/17/2016,188
10/18/2016,206
10/19/2016,182
10/20/2016,220
10/21/2016,152
10/22/2016,239
10/23/2016,239
10/24/2016,177
10/25/2016,182
10/26/2016,193
10/27/2016,214
10/28/2016,196
10/29/2016,212
10/30/2016,182
10/31/2016,210
11-01-16,188
11-02-16,252
11-03-16,267
11-04-16,240
11-05-16,164
11-06-16,239
11-07-16,183
11-08-16,205
11-09-16,208
11-10-16,203
11-11-16,228
11-12-16,206
11/13/2016,243
11/14/2016,266
11/15/2016,250
11/16/2016,184
11/17/2016,239
11/18/2016,188
11/19/2016,186
11/20/2016,163
11/21/2016,187
11/22/2016,228
11/23/2016,192
11/24/2016,196
11/25/2016,228
11/26/2016,186
11/27/2016,220
11/28/2016,181
11/29/2016,221
11/30/2016,196
12-01-16,264
12-02-16,221
12-03-16,217
12-04-16,247
12-05-16,229
12-06-16,179
12-07-16,236
12-08-16,237
12-09-16,247
12-10-16,222
12-11-16,184
12-12-16,214
12/13/2016,206
12/14/2016,207
12/15/2016,208
12/16/2016,196
12/17/2016,191
12/18/2016,176
12/19/2016,265
12/20/2016,227
12/21/2016,215
12/22/2016,220
12/23/2016,175
12/24/2016,231
12/25/2016,205
12/26/2016,223
12/27/2016,214
12/28/2016,289
12/29/2016,222
12/30/2016,222
12/31/2016,239
01-01-17,223
01-02-17,217
01-03-17,212
01-04-17,248
01-05-17,279
01-06-17,182
01-07-17,205
01-08-17,233
01-09-17,215
01-10-17,214
01-11-17,207
01-12-17,238
1/13/2017,226
1/14/2017,214
1/15/2017,246
1/16/2017,188
1/17/2017,208
1/18/2017,236
1/19/2017,232
1/20/2017,257
1/21/2017,239
1/22/2017,207
1/23/2017,200
1/24/2017,210
1/25/2017,191
1/26/2017,221
1/27/2017,220
1/28/2017,235
1/29/2017,204
1/30/2017,224
1/31/2017,267
02-01-17,219
02-02-17,215
02-03-17,226
02-04-17,194
02-05-17,231
02-06-17,292
02-07-17,200
02-08-17,236
02-09-17,201
02-10-17,215
02-11-17,216
02-12-17,221
2/13/2017,216
2/14/2017,254
2/15/2017,204
2/16/2017,219
2/17/2017,263
2/18/2017,246
2/19/2017,256
2/20/2017,225
2/21/2017,196
2/22/2017,242
2/23/2017,226
2/24/2017,196
2/25/2017,277
2/26/2017,216
2/27/2017,215
2/28/2017,242
03-01-17,208
03-02-17,278
03-03-17,230
03-04-17,259
03-05-17,229
03-06-17,183
03-07-17,205
03-08-17,188
03-09-17,191
03-10-17,187
03-11-17,236
03-12-17,212
3/13/2017,197
3/14/2017,224
3/15/2017,237
3/16/2017,274
3/17/2017,219
3/18/2017,208
3/19/2017,189
3/20/2017,216
3/21/2017,217
3/22/2017,207
3/23/2017,227
3/24/2017,227
3/25/2017,233
3/26/2017,237
3/27/2017,206
3/28/2017,197
3/29/2017,184
3/30/2017,193
3/31/2017,184
04-01-17,188
04-02-17,195
04-03-17,224
04-04-17,256
04-05-17,221
04-06-17,252
04-07-17,178
04-08-17,207
04-09-17,205
04-10-17,257
04-11-17,252
04-12-17,221
4/13/2017,190
4/14/2017,195
4/15/2017,192
4/16/2017,201
4/17/2017,276
4/18/2017,176
4/19/2017,201
4/20/2017,184
4/21/2017,224
4/22/2017,219
4/23/2017,197
4/24/2017,196
4/25/2017,285
4/26/2017,253
4/27/2017,204
4/28/2017,187
4/29/2017,168
4/30/2017,175
05-01-17,199
05-02-17,195
05-03-17,180
05-04-17,213
05-05-17,206
05-06-17,178
05-07-17,203
05-08-17,192
05-09-17,196
05-10-17,212
05-11-17,228
05-12-17,232
5/13/2017,197
5/14/2017,189
5/15/2017,230
5/16/2017,183
5/17/2017,187
5/18/2017,201
5/19/2017,177
5/20/2017,201
5/21/2017,210
5/22/2017,205
5/23/2017,168
5/24/2017,216
5/25/2017,174
5/26/2017,205
5/27/2017,190
5/28/2017,180
5/29/2017,172
5/30/2017,183
5/31/2017,228
06-01-17,207
06-02-17,199
06-03-17,201
06-04-17,183
06-05-17,164
06-06-17,240
06-07-17,184
06-08-17,223
06-09-17,232
06-10-17,199
06-11-17,164
06-12-17,212
6/13/2017,215
6/14/2017,200
6/15/2017,152
6/16/2017,199
6/17/2017,183
6/18/2017,192
6/19/2017,215
6/20/2017,170
6/21/2017,210
6/22/2017,212
6/23/2017,166
6/24/2017,198
6/25/2017,202
6/26/2017,213
6/27/2017,181
6/28/2017,230
6/29/2017,213
6/30/2017,138
07-01-17,159
07-02-17,196
07-03-17,196
07-04-17,155
07-05-17,159
07-06-17,157
07-07-17,191
07-08-17,208
07-09-17,189
07-10-17,169
07-11-17,152
07-12-17,182
7/13/2017,217
7/14/2017,179
7/15/2017,213
7/16/2017,169
7/17/2017,206
7/18/2017,171
7/19/2017,177
7/20/2017,161
7/21/2017,171
7/22/2017,170
7/23/2017,172
7/24/2017,184
7/25/2017,176
7/26/2017,164
7/27/2017,200
7/28/2017,198
7/29/2017,207
7/30/2017,212
7/31/2017,233
08-01-17,164
08-02-17,229
08-03-17,191
08-04-17,172
08-05-17,186
08-06-17,214
08-07-17,173
08-08-17,180
08-09-17,163
08-10-17,210
08-11-17,181
08-12-17,245
8/13/2017,196
8/14/2017,197
8/15/2017,155
8/16/2017,192
8/17/2017,189
8/18/2017,204
8/19/2017,154
8/20/2017,176
8/21/2017,207
8/22/2017,171
8/23/2017,179
8/24/2017,192
8/25/2017,227
8/26/2017,251
8/27/2017,202
8/28/2017,197
8/29/2017,206
8/30/2017,196
8/31/2017,177
09-01-17,238
09-02-17,160
09-03-17,175
09-04-17,205
09-05-17,182
09-06-17,191
09-07-17,178
09-08-17,193
09-09-17,218
09-10-17,224
09-11-17,246
09-12-17,215
9/13/2017,180
9/14/2017,177
9/15/2017,207
9/16/2017,218
9/17/2017,201
9/18/2017,204
9/19/2017,172
9/20/2017,191
9/21/2017,186
9/22/2017,210
9/23/2017,233
9/24/2017,229
9/25/2017,225
9/26/2017,217
9/27/2017,207
9/28/2017,210
9/29/2017,201
9/30/2017,187
10-01-17,237
10-02-17,233
10-03-17,159
10-04-17,213
10-05-17,220
10-06-17,214
10-07-17,166
10-08-17,218
10-09-17,177
10-10-17,193
10-11-17,207
10-12-17,190
10/13/2017,224
10/14/2017,224
10/15/2017,215
10/16/2017,200
10/17/2017,216
10/18/2017,217
10/19/2017,189
10/20/2017,200
10/21/2017,181
10/22/2017,202
10/23/2017,211
10/24/2017,180
10/25/2017,222
10/26/2017,193
10/27/2017,203
10/28/2017,212
10/29/2017,213
10/30/2017,229
10/31/2017,258
11-01-17,204
11-02-17,181
11-03-17,176
11-04-17,229
11-05-17,200
11-06-17,236
11-07-17,262
11-08-17,209
11-09-17,216
11-10-17,228
11-11-17,213
11-12-17,228
11/13/2017,198
11/14/2017,201
11/15/2017,242
11/16/2017,237
11/17/2017,289
11/18/2017,236
11/19/2017,230
11/20/2017,173
11/21/2017,200
11/22/2017,183
11/23/2017,212
11/24/2017,190
11/25/2017,211
11/26/2017,207
11/27/2017,237
11/28/2017,235
11/29/2017,191
11/30/2017,230
12-01-17,225
12-02-17,192
12-03-17,221
12-04-17,200
12-05-17,241
12-06-17,227
12-07-17,234
12-08-17,252
12-09-17,215
12-10-17,259
12-11-17,241
12-12-17,242
12/13/2017,277
12/14/2017,257
12/15/2017,259
12/16/2017,260
12/17/2017,225
12/18/2017,268
12/19/2017,213
12/20/2017,180
12/21/2017,221
12/22/2017,222
12/23/2017,208
12/24/2017,233
12/25/2017,223
12/26/2017,241
12/27/2017,197
12/28/2017,247
12/29/2017,236
12/30/2017,249
12/31/2017,229
01-01-18,196
01-02-18,232
01-03-18,273
01-04-18,233
01-05-18,231
01-06-18,303
01-07-18,236
01-08-18,241
01-09-18,239
01-10-18,242
01-11-18,272
01-12-18,241
1/13/2018,258
1/14/2018,240
1/15/2018,211
1/16/2018,233
1/17/2018,261
1/18/2018,218
1/19/2018,381
1/20/2018,224
1/21/2018,219
1/22/2018,224
1/23/2018,208
1/24/2018,232
1/25/2018,234
1/26/2018,225
1/27/2018,235
1/28/2018,289
1/29/2018,216
1/30/2018,231
1/31/2018,235
02-01-18,214
02-02-18,202
02-03-18,219
02-04-18,233
02-05-18,207
02-06-18,212
02-07-18,217
02-08-18,192
02-09-18,248
02-10-18,215
02-11-18,253
02-12-18,238
2/13/2018,234
2/14/2018,195
2/15/2018,207
2/16/2018,219
2/17/2018,216
2/18/2018,209
2/19/2018,217
2/20/2018,246
2/21/2018,206
2/22/2018,214
2/23/2018,191
2/24/2018,279
2/25/2018,252
2/26/2018,208
2/27/2018,216
2/28/2018,235
03-01-18,241
03-02-18,202
03-03-18,208
03-04-18,233
03-05-18,264
03-06-18,212
03-07-18,235
03-08-18,276
03-09-18,234
03-10-18,186
03-11-18,217
03-12-18,192
3/13/2018,267
3/14/2018,260
3/15/2018,206
3/16/2018,244
3/17/2018,244
3/18/2018,220
3/19/2018,230
3/20/2018,213
3/21/2018,213
3/22/2018,197
3/23/2018,197
3/24/2018,217
3/25/2018,256
3/26/2018,289
3/27/2018,248
3/28/2018,238
3/29/2018,262
3/30/2018,231
3/31/2018,228
04-01-18,235
04-02-18,231
04-03-18,241
04-04-18,213
04-05-18,233
04-06-18,236
04-07-18,231
04-08-18,174
04-09-18,212
04-10-18,183
04-11-18,240
04-12-18,211
4/13/2018,225
4/14/2018,206
4/15/2018,191
4/16/2018,198
4/17/2018,205
4/18/2018,225
4/19/2018,218
4/20/2018,236
4/21/2018,205
4/22/2018,214
4/23/2018,216
4/24/2018,233
4/25/2018,195
4/26/2018,219
4/27/2018,227
4/28/2018,246
4/29/2018,221
4/30/2018,225
05-01-18,244
05-02-18,245
05-03-18,246
05-04-18,244
05-05-18,254
05-06-18,238
05-07-18,203
05-08-18,198
05-09-18,262
05-10-18,230
05-11-18,205
05-12-18,209
5/13/2018,222
5/14/2018,223
5/15/2018,214
5/16/2018,206
5/17/2018,192
5/18/2018,227
5/19/2018,196
5/20/2018,180
5/21/2018,190
5/22/2018,200
5/23/2018,213
5/24/2018,206
5/25/2018,195
5/26/2018,183
5/27/2018,185
5/28/2018,194
5/29/2018,185
5/30/2018,181
5/31/2018,204
06-01-18,187
06-02-18,201
06-03-18,210
06-04-18,196
06-05-18,216
06-06-18,217
06-07-18,205
06-08-18,212
06-09-18,184
06-10-18,154
06-11-18,166
06-12-18,208
6/13/2018,208
6/14/2018,192
6/15/2018,166
6/16/2018,158
6/17/2018,206
6/18/2018,163
6/19/2018,208
6/20/2018,195
6/21/2018,202
6/22/2018,199
6/23/2018,218
6/24/2018,203
6/25/2018,245
6/26/2018,206
6/27/2018,205
6/28/2018,236
6/29/2018,179
6/30/2018,166
07-01-18,198
07-02-18,187
07-03-18,180
07-04-18,211
07-05-18,198
07-06-18,200
07-07-18,224
07-08-18,242
07-09-18,165
07-10-18,198
07-11-18,193
07-12-18,212
7/13/2018,188
7/14/2018,186
7/15/2018,161
7/16/2018,192
7/17/2018,192
7/18/2018,235
7/19/2018,218
7/20/2018,167
7/21/2018,201
7/22/2018,188
7/23/2018,194
7/24/2018,212
7/25/2018,220
7/26/2018,207
7/27/2018,188
7/28/2018,235
7/29/2018,209
7/30/2018,187
7/31/2018,191
08-01-18,188
08-02-18,199
08-03-18,232
08-04-18,191
08-05-18,209
08-06-18,198
08-07-18,187
08-08-18,216
08-09-18,219
08-10-18,158
08-11-18,175
08-12-18,235
8/13/2018,188
8/14/2018,192
8/15/2018,189
8/16/2018,183
8/17/2018,244
8/18/2018,180
8/19/2018,230
8/20/2018,229
8/21/2018,200
8/22/2018,173
8/23/2018,223
8/24/2018,187
8/25/2018,207
8/26/2018,180
8/27/2018,183
8/28/2018,187
8/29/2018,183
8/30/2018,215
8/31/2018,212
09-01-18,209
09-02-18,216
09-03-18,195
09-04-18,180
09-05-18,212
09-06-18,197
09-07-18,202
09-08-18,211
09-09-18,218
09-10-18,196
09-11-18,170
09-12-18,211
9/13/2018,238
9/14/2018,218
9/15/2018,212
9/16/2018,216
9/17/2018,180
9/18/2018,179
9/19/2018,186
9/20/2018,207
9/21/2018,227
9/22/2018,193
9/23/2018,213
9/24/2018,235
9/25/2018,219
9/26/2018,195
9/27/2018,217
9/28/2018,216
9/29/2018,236
9/30/2018,194
10-01-18,218
10-02-18,228
10-03-18,264
10-04-18,184
10-05-18,182
10-06-18,195
10-07-18,194
10-08-18,191
10-09-18,224
10-10-18,224
10-11-18,199
10-12-18,226
10/13/2018,228
10/14/2018,185
10/15/2018,197
10/16/2018,188
10/17/2018,221
10/18/2018,178
10/19/2018,216
10/20/2018,211
10/21/2018,188
10/22/2018,220
10/23/2018,161
10/24/2018,238
10/25/2018,220
10/26/2018,215
10/27/2018,274
10/28/2018,209
10/29/2018,247
10/30/2018,209
10/31/2018,204
11-01-18,233
11-02-18,235
11-03-18,200
11-04-18,174
11-05-18,202
11-06-18,265
11-07-18,209
11-08-18,186
11-09-18,231
11-10-18,177
11-11-18,242
11-12-18,297
11/13/2018,185
11/14/2018,217
11/15/2018,227
11/16/2018,234
11/17/2018,231
11/18/2018,219
11/19/2018,225
11/20/2018,239
11/21/2018,242
11/22/2018,240
11/23/2018,206
11/24/2018,217
11/25/2018,256
11/26/2018,210
11/27/2018,224
11/28/2018,236
11/29/2018,200
11/30/2018,193
12-01-18,292
12-02-18,253
12-03-18,264
12-04-18,222
12-05-18,202
12-06-18,241
12-07-18,241
12-08-18,284
12-09-18,275
12-10-18,204
12-11-18,246
12-12-18,253
12/13/2018,264
12/14/2018,252
12/15/2018,312
12/16/2018,239
12/17/2018,233
12/18/2018,223
12/19/2018,231
12/20/2018,251
12/21/2018,211
12/22/2018,256
12/23/2018,258
12/24/2018,255
12/25/2018,198
12/26/2018,214
12/27/2018,244
12/28/2018,198
12/29/2018,208
12/30/2018,212
12/31/2018,252
01-01-19,236
01-02-19,259
01-03-19,188
01-04-19,181
01-05-19,215
01-06-19,248
01-07-19,233
01-08-19,237
01-09-19,237
01-10-19,279
01-11-19,188
01-12-19,228
1/13/2019,241
1/14/2019,238
1/15/2019,227
1/16/2019,214
1/17/2019,230
1/18/2019,247
1/19/2019,223
1/20/2019,231
1/21/2019,234
1/22/2019,223
1/23/2019,250
1/24/2019,223
1/25/2019,234
1/26/2019,293
1/27/2019,235
1/28/2019,225
1/29/2019,305
1/30/2019,252
1/31/2019,230
02-01-19,258
02-02-19,219
02-03-19,216
02-04-19,199
02-05-19,252
02-06-19,240
02-07-19,224
02-08-19,243
02-09-19,247
02-10-19,257
02-11-19,278
02-12-19,256
2/13/2019,270
2/14/2019,256
2/15/2019,267
2/16/2019,242
2/17/2019,255
2/18/2019,240
2/19/2019,242
2/20/2019,238
2/21/2019,230
2/22/2019,242
2/23/2019,230
2/24/2019,260
2/25/2019,225
2/26/2019,255
2/27/2019,275
2/28/2019,258
03-01-19,290
03-02-19,251
03-03-19,248
03-04-19,238
03-05-19,248
03-06-19,261
03-07-19,275
03-08-19,226
03-09-19,241
03-10-19,278
03-11-19,217
03-12-19,278
3/13/2019,223
3/14/2019,222
3/15/2019,202
3/16/2019,202
3/17/2019,221
3/18/2019,250
3/19/2019,232
3/20/2019,248
3/21/2019,260
3/22/2019,239
3/23/2019,232
3/24/2019,187
3/25/2019,192
3/26/2019,189
3/27/2019,196
3/28/2019,200
3/29/2019,213
3/30/2019,232
3/31/2019,224
04-01-19,270
04-02-19,236
04-03-19,312
04-04-19,231
04-05-19,224
04-06-19,237
04-07-19,255
04-08-19,232
04-09-19,253
04-10-19,201
04-11-19,227
04-12-19,221
4/13/2019,188
4/14/2019,215
4/15/2019,208
4/16/2019,224
4/17/2019,212
4/18/2019,248
4/19/2019,202
4/20/2019,203
4/21/2019,205
4/22/2019,204
4/23/2019,186
4/24/2019,193
4/25/2019,238
4/26/2019,224
4/27/2019,259
4/28/2019,211
4/29/2019,202
4/30/2019,246
05-01-19,192
05-02-19,210
05-03-19,204
05-04-19,213
05-05-19,194
05-06-19,252
05-07-19,225
05-08-19,215
05-09-19,228
05-10-19,211
05-11-19,212
05-12-19,255
5/13/2019,198
5/14/2019,234
5/15/2019,213
5/16/2019,205
5/17/2019,208
5/18/2019,247
5/19/2019,196
5/20/2019,196
5/21/2019,195
5/22/2019,211
5/23/2019,225
5/24/2019,192
5/25/2019,225
5/26/2019,199
5/27/2019,199
5/28/2019,222
5/29/2019,196
5/30/2019,176
5/31/2019,154
06-01-19,200
06-02-19,169
06-03-19,241
06-04-19,200
06-05-19,209
06-06-19,202
06-07-19,245
06-08-19,209
06-09-19,205
06-10-19,234
06-11-19,192
06-12-19,211
6/13/2019,190
6/14/2019,193
6/15/2019,221
6/16/2019,220
6/17/2019,268
6/18/2019,177
6/19/2019,205
6/20/2019,159
6/21/2019,183
6/22/2019,165
6/23/2019,178
6/24/2019,186
6/25/2019,137
6/26/2019,163
6/27/2019,183
6/28/2019,209
6/29/2019,190
6/30/2019,195
07-01-19,206
07-02-19,202
07-03-19,158
07-04-19,182
07-05-19,162
07-06-19,166
07-07-19,224
07-08-19,206
07-09-19,172
07-10-19,193
07-11-19,208
07-12-19,184
7/13/2019,139
7/14/2019,166
7/15/2019,202
7/16/2019,184
7/17/2019,187
7/18/2019,204
7/19/2019,167
7/20/2019,156
7/21/2019,189
7/22/2019,217
7/23/2019,219
7/24/2019,173
7/25/2019,193
7/26/2019,217
7/27/2019,190
7/28/2019,189
7/29/2019,206
7/30/2019,185
7/31/2019,205
08-01-19,210
08-02-19,186
08-03-19,209
08-04-19,187
08-05-19,206
08-06-19,181
08-07-19,197
08-08-19,192
08-09-19,213
08-10-19,213
08-11-19,167
08-12-19,198
8/13/2019,221
8/14/2019,186
8/15/2019,169
8/16/2019,183
8/17/2019,205
8/18/2019,193
8/19/2019,203
8/20/2019,205
8/21/2019,186
8/22/2019,183
8/23/2019,175
8/24/2019,188
8/25/2019,220
8/26/2019,187
8/27/2019,198
8/28/2019,184
8/29/2019,190
8/30/2019,179
8/31/2019,186
09-01-19,191
09-02-19,188
09-03-19,180
09-04-19,210
09-05-19,174
09-06-19,232
09-07-19,238
09-08-19,198
09-09-19,190
09-10-19,230
09-11-19,204
09-12-19,211
9/13/2019,200
9/14/2019,214
9/15/2019,230
9/16/2019,224
9/17/2019,196
9/18/2019,240
9/19/2019,212
9/20/2019,257
9/21/2019,217
9/22/2019,191
9/23/2019,251
9/24/2019,179
9/25/2019,184
9/26/2019,208
9/27/2019,226
9/28/2019,231
9/29/2019,214
9/30/2019,174
10-01-19,177
10-02-19,191
10-03-19,230
10-04-19,216
10-05-19,177
10-06-19,211
10-07-19,185
10-08-19,199
10-09-19,251
10-10-19,213
10-11-19,212
10-12-19,227
10/13/2019,228
10/14/2019,207
10/15/2019,197
10/16/2019,223
10/17/2019,262
10/18/2019,227
10/19/2019,232
10/20/2019,225
10/21/2019,241
10/22/2019,204
10/23/2019,234
10/24/2019,216
10/25/2019,338
10/26/2019,186
10/27/2019,209
10/28/2019,206
10/29/2019,214
10/30/2019,201
10/31/2019,238
11-01-19,189
11-02-19,224
11-03-19,242
11-04-19,205
11-05-19,209
11-06-19,230
11-07-19,177
11-08-19,208
11-09-19,186
11-10-19,204
11-11-19,231
11-12-19,201
11/13/2019,209
11/14/2019,211
11/15/2019,233
11/16/2019,207
11/17/2019,223
11/18/2019,219
11/19/2019,220
11/20/2019,225
11/21/2019,239
11/22/2019,214
11/23/2019,249
11/24/2019,229
11/25/2019,211
11/26/2019,230
11/27/2019,231
11/28/2019,247
11/29/2019,249
11/30/2019,291
12-01-19,207
12-02-19,201
12-03-19,212
12-04-19,234
12-05-19,233
12-06-19,244
12-07-19,239
12-08-19,245
12-09-19,256
12-10-19,217
12-11-19,217
12-12-19,211
12/13/2019,230
12/14/2019,220
12/15/2019,203
12/16/2019,236
12/17/2019,281
12/18/2019,258
12/19/2019,229
12/20/2019,187
12/21/2019,208
12/22/2019,198
12/23/2019,257
12/24/2019,258
12/25/2019,224
12/26/2019,188
12/27/2019,216
12/28/2019,213
12/29/2019,217
12/30/2019,262
12/31/2019,230
01-01-20,242
01-02-20,220
01-03-20,212
01-04-20,238
01-05-20,244
01-06-20,212
01-07-20,228
01-08-20,275
01-09-20,283
01-10-20,253
01-11-20,247
01-12-20,243
1/13/2020,245
1/14/2020,220
1/15/2020,229
1/16/2020,229
1/17/2020,217
1/18/2020,244
1/19/2020,236
1/20/2020,244
1/21/2020,245
1/22/2020,267
1/23/2020,223
1/24/2020,259
1/25/2020,226
1/26/2020,274
1/27/2020,211
1/28/2020,228
1/29/2020,259
1/30/2020,217
1/31/2020,204
02-01-20,246
02-02-20,223
02-03-20,229
02-04-20,211
02-05-20,219
02-06-20,219
02-07-20,253
02-08-20,298
02-09-20,233
02-10-20,252
02-11-20,215
02-12-20,289
2/13/2020,263
2/14/2020,286
2/15/2020,273
2/16/2020,222
2/17/2020,237
2/18/2020,207
2/19/2020,261
2/20/2020,260
2/21/2020,271
2/22/2020,243
2/23/2020,233
2/24/2020,243
2/25/2020,247
2/26/2020,275
2/27/2020,275
2/28/2020,228
2/29/2020,233
03-01-20,248
03-02-20,245
03-03-20,251
03-04-20,216
03-05-20,203
03-06-20,235
03-07-20,258
03-08-20,240
03-09-20,224
03-10-20,235
03-11-20,238
03-12-20,248
3/13/2020,238
3/14/2020,237
3/15/2020,236
3/16/2020,228
3/17/2020,250
3/18/2020,196
3/19/2020,225
3/20/2020,258
3/21/2020,255
3/22/2020,231
3/23/2020,242
3/24/2020,273
3/25/2020,237
3/26/2020,194
3/27/2020,209
3/28/2020,248
3/29/2020,253
3/30/2020,293
3/31/2020,205
04-01-20,231
04-02-20,261
04-03-20,223
04-04-20,221
04-05-20,244
04-06-20,251
04-07-20,206
04-08-20,247
04-09-20,246
04-10-20,268
04-11-20,236
04-12-20,234
4/13/2020,223
4/14/2020,219
4/15/2020,246
4/16/2020,239
4/17/2020,243
4/18/2020,235
4/19/2020,210
4/20/2020,244
4/21/2020,222
4/22/2020,287
4/23/2020,251
4/24/2020,217
4/25/2020,208
4/26/2020,188
4/27/2020,188
4/28/2020,199
4/29/2020,245
4/30/2020,229
05-01-20,209
05-02-20,296
05-03-20,279
05-04-20,203
05-05-20,205
05-06-20,168
05-07-20,244
05-08-20,205
05-09-20,243
05-10-20,209
05-11-20,186
05-12-20,188
5/13/2020,198
5/14/2020,202
5/15/2020,204
5/16/2020,222
5/17/2020,249
5/18/2020,162
5/19/2020,183
5/20/2020,211
5/21/2020,201
5/22/2020,243
5/23/2020,207
5/24/2020,190
5/25/2020,219
5/26/2020,166
5/27/2020,190
5/28/2020,245
5/29/2020,218
5/30/2020,205
5/31/2020,205
06-01-20,203
06-02-20,213
06-03-20,214
06-04-20,168
06-05-20,212
06-06-20,219
06-07-20,213
06-08-20,201
06-09-20,214
06-10-20,223
06-11-20,200
06-12-20,182
6/13/2020,178
6/14/2020,198
6/15/2020,176
6/16/2020,210
6/17/2020,219
6/18/2020,235
6/19/2020,233
6/20/2020,230
6/21/2020,205
6/22/2020,218
6/23/2020,184
6/24/2020,213
6/25/2020,199
6/26/2020,175
6/27/2020,209
6/28/2020,211
6/29/2020,251
6/30/2020,215
07-01-20,175
07-02-20,187
07-03-20,173
07-04-20,176
07-05-20,235
07-06-20,222
07-07-20,215
07-08-20,267
07-09-20,193
07-10-20,180
07-11-20,218
07-12-20,231
7/13/2020,196
7/14/2020,205
7/15/2020,245
7/16/2020,245
7/17/2020,190
7/18/2020,244
7/19/2020,188
7/20/2020,184
7/21/2020,193
7/22/2020,201
7/23/2020,209
7/24/2020,179
7/25/2020,189
7/26/2020,197
7/27/2020,164
7/28/2020,158
7/29/2020,170
7/30/2020,187
7/31/2020,203
08-01-20,258
08-02-20,207
08-03-20,186
08-04-20,201
08-05-20,199
08-06-20,165
08-07-20,217
08-08-20,202
08-09-20,178
08-10-20,195
08-11-20,246
08-12-20,207
8/13/2020,220
8/14/2020,222
8/15/2020,201
8/16/2020,204
8/17/2020,258
8/18/2020,196
8/19/2020,178
8/20/2020,198
8/21/2020,175
8/22/2020,188
8/23/2020,186
8/24/2020,143
8/25/2020,188
8/26/2020,216
8/27/2020,217
8/28/2020,187
8/29/2020,206
8/30/2020,225
8/31/2020,201
09-01-20,184
09-02-20,246
09-03-20,236
09-04-20,193
09-05-20,221
09-06-20,173
09-07-20,242
09-08-20,260
09-09-20,215
09-10-20,263
09-11-20,197
09-12-20,207
9/13/2020,234
9/14/2020,179
9/15/2020,203
9/16/2020,199
9/17/2020,255
9/18/2020,209
9/19/2020,237
9/20/2020,174
9/21/2020,206
9/22/2020,236
9/23/2020,228
9/24/2020,212
9/25/2020,191
9/26/2020,182
9/27/2020,231
9/28/2020,230
9/29/2020,235
9/30/2020,199
10-01-20,279
10-02-20,230
10-03-20,228
10-04-20,229
10-05-20,184
10-06-20,189
10-07-20,216
10-08-20,208
10-09-20,191
10-10-20,185
10-11-20,217
10-12-20,220
10/13/2020,215
10/14/2020,217
10/15/2020,280
10/16/2020,203
10/17/2020,190
10/18/2020,231
10/19/2020,196
10/20/2020,192
10/21/2020,197
10/22/2020,231
10/23/2020,244
10/24/2020,219
10/25/2020,262
10/26/2020,244
10/27/2020,253
10/28/2020,254
10/29/2020,211
10/30/2020,212
10/31/2020,269
11-01-20,192
11-02-20,207
11-03-20,311
11-04-20,259
11-05-20,252
11-06-20,206
11-07-20,202
11-08-20,202
11-09-20,228
11-10-20,231
11-11-20,240
11-12-20,213
11/13/2020,234
11/14/2020,188
11/15/2020,205
11/16/2020,223
11/17/2020,220
11/18/2020,255
11/19/2020,220
11/20/2020,271
11/21/2020,233
11/22/2020,209
11/23/2020,215
11/24/2020,186
11/25/2020,219
11/26/2020,222
11/27/2020,221
11/28/2020,209
11/29/2020,234
11/30/2020,243
12-01-20,243
12-02-20,278
12-03-20,269
12-04-20,293
12-05-20,258
12-06-20,248
12-07-20,219
12-08-20,190
12-09-20,251
12-10-20,203
12-11-20,204
12-12-20,246
12/13/2020,223
12/14/2020,211
12/15/2020,259
12/16/2020,219
12/17/2020,233
12/18/2020,223
12/19/2020,250
12/20/2020,232
12/21/2020,210
12/22/2020,216
12/23/2020,252
12/24/2020,204
12/25/2020,251
12/26/2020,228
12/27/2020,242
12/28/2020,204
